datetime,direct.bid,direct.ask
2015-01-02 15:00:00,109.07,109.08
2015-01-02 15:00:01,109.07,109.09
2015-01-02 15:00:02,109.08,109.09
2015-01-02 15:00:03,109.08,109.09
2015-01-02 15:00:04,109.05,109.06
2015-01-02 15:00:05,109.03,109.03
2015-01-02 15:00:06,109.04,109.04
2015-01-02 15:00:07,109.03,109.04
2015-01-02 15:00:08,109.05,109.06
2015-01-02 15:00:09,109.05,109.06
2015-01-02 15:00:10,109.05,109.06
2015-01-02 15:00:11,109.06,109.06
2015-01-02 15:00:12,109.05,109.06
2015-01-02 15:00:13,109.05,109.06
2015-01-02 15:00:14,109.04,109.05
2015-01-02 15:00:15,109.04,109.05
2015-01-02 15:00:16,109.04,109.05
2015-01-02 15:00:17,109.05,109.06
2015-01-02 15:00:18,109.05,109.06
2015-01-02 15:00:19,109.05,109.06
2015-01-02 15:00:20,109.05,109.06
2015-01-02 15:00:21,109.08,109.09
2015-01-02 15:00:22,109.08,109.09
2015-01-02 15:00:23,109.1,109.11
2015-01-02 15:00:24,109.11,109.12
2015-01-02 15:00:25,109.11,109.12
2015-01-02 15:00:26,109.12,109.13
2015-01-02 15:00:27,109.12,109.13
2015-01-02 15:00:28,109.12,109.13
2015-01-02 15:00:29,109.1,109.11
2015-01-02 15:00:30,109.1,109.12
2015-01-02 15:00:31,109.11,109.12
2015-01-02 15:00:32,109.12,109.13
2015-01-02 15:00:33,109.12,109.13
2015-01-02 15:00:34,109.12,109.13
2015-01-02 15:00:35,109.11,109.12
2015-01-02 15:00:36,109.11,109.12
2015-01-02 15:00:37,109.14,109.15
2015-01-02 15:00:38,109.13,109.14
2015-01-02 15:00:39,109.13,109.14
2015-01-02 15:00:40,109.14,109.15
2015-01-02 15:00:41,109.14,109.15
2015-01-02 15:00:42,109.14,109.15
2015-01-02 15:00:43,109.14,109.15
2015-01-02 15:00:44,109.14,109.15
2015-01-02 15:00:45,109.14,109.15
2015-01-02 15:00:46,109.14,109.15
2015-01-02 15:00:47,109.14,109.15
2015-01-02 15:00:48,109.14,109.15
2015-01-02 15:00:49,109.14,109.15
2015-01-02 15:00:50,109.14,109.15
2015-01-02 15:00:51,109.14,109.15
2015-01-02 15:00:52,109.14,109.15
2015-01-02 15:00:53,109.14,109.15
2015-01-02 15:00:54,109.14,109.16
2015-01-02 15:00:55,109.14,109.16
2015-01-02 15:00:56,109.15,109.17
2015-01-02 15:00:57,109.15,109.17
2015-01-02 15:00:58,109.16,109.17
2015-01-02 15:00:59,109.14,109.15
2015-01-02 15:01:00,109.14,109.15
2015-01-02 15:01:01,109.1,109.11
2015-01-02 15:01:02,109.1,109.11
2015-01-02 15:01:03,109.1,109.11
2015-01-02 15:01:04,109.1,109.11
2015-01-02 15:01:05,109.09,109.1
2015-01-02 15:01:06,109.1,109.1
2015-01-02 15:01:07,109.08,109.09
2015-01-02 15:01:08,109.09,109.1
2015-01-02 15:01:09,109.1,109.11
2015-01-02 15:01:10,109.09,109.11
2015-01-02 15:01:11,109.09,109.11
2015-01-02 15:01:12,109.08,109.09
2015-01-02 15:01:13,109.08,109.09
2015-01-02 15:01:14,109.08,109.09
2015-01-02 15:01:15,109.08,109.09
2015-01-02 15:01:16,109.06,109.07
2015-01-02 15:01:17,109.04,109.05
2015-01-02 15:01:18,109.04,109.05
2015-01-02 15:01:19,109.05,109.06
2015-01-02 15:01:20,109.05,109.06
2015-01-02 15:01:21,109.04,109.05
2015-01-02 15:01:22,109.04,109.05
2015-01-02 15:01:23,109.04,109.05
2015-01-02 15:01:24,109.04,109.05
2015-01-02 15:01:25,109.03,109.04
2015-01-02 15:01:26,109.03,109.04
2015-01-02 15:01:27,109.05,109.06
2015-01-02 15:01:28,109.05,109.06
2015-01-02 15:01:29,109.05,109.06
2015-01-02 15:01:30,109.05,109.06
2015-01-02 15:01:31,109.05,109.06
2015-01-02 15:01:32,109.05,109.06
2015-01-02 15:01:33,109.05,109.06
2015-01-02 15:01:34,109.05,109.06
2015-01-02 15:01:35,109.06,109.07
2015-01-02 15:01:36,109.06,109.08
2015-01-02 15:01:37,109.08,109.09
2015-01-02 15:01:38,109.07,109.08
2015-01-02 15:01:39,109.07,109.08
2015-01-02 15:01:40,109.08,109.09
2015-01-02 15:01:41,109.08,109.09
2015-01-02 15:01:42,109.09,109.1
2015-01-02 15:01:43,109.09,109.1
2015-01-02 15:01:44,109.08,109.09
2015-01-02 15:01:45,109.08,109.09
2015-01-02 15:01:46,109.06,109.07
2015-01-02 15:01:47,109.06,109.07
2015-01-02 15:01:48,109.06,109.07
2015-01-02 15:01:49,109.06,109.07
2015-01-02 15:01:50,109.06,109.07
2015-01-02 15:01:51,109.04,109.05
2015-01-02 15:01:52,109.03,109.04
2015-01-02 15:01:53,109.03,109.04
2015-01-02 15:01:54,109.03,109.04
2015-01-02 15:01:55,109.03,109.04
2015-01-02 15:01:56,109.01,109.03
2015-01-02 15:01:57,109.03,109.04
2015-01-02 15:01:58,109.07,109.08
2015-01-02 15:01:59,109.07,109.08
2015-01-02 15:02:00,109.06,109.07
2015-01-02 15:02:01,109.05,109.06
2015-01-02 15:02:02,109.05,109.06
2015-01-02 15:02:03,109.06,109.07
2015-01-02 15:02:04,109.07,109.08
2015-01-02 15:02:05,109.07,109.08
2015-01-02 15:02:06,109.07,109.08
2015-01-02 15:02:07,109.06,109.07
2015-01-02 15:02:08,109.06,109.07
2015-01-02 15:02:09,109.06,109.07
2015-01-02 15:02:10,109.06,109.07
2015-01-02 15:02:11,109.05,109.06
2015-01-02 15:02:12,109.05,109.06
2015-01-02 15:02:13,109.05,109.06
2015-01-02 15:02:14,109.05,109.06
2015-01-02 15:02:15,109.05,109.06
2015-01-02 15:02:16,109.04,109.05
2015-01-02 15:02:17,109.05,109.06
2015-01-02 15:02:18,109.05,109.06
2015-01-02 15:02:19,109.04,109.05
2015-01-02 15:02:20,109.04,109.05
2015-01-02 15:02:21,109.04,109.05
2015-01-02 15:02:22,109.04,109.05
2015-01-02 15:02:23,109.04,109.05
2015-01-02 15:02:24,109.04,109.05
2015-01-02 15:02:25,109.04,109.05
2015-01-02 15:02:26,109.05,109.05
2015-01-02 15:02:27,109.05,109.05
2015-01-02 15:02:28,109.05,109.06
2015-01-02 15:02:29,109.05,109.06
2015-01-02 15:02:30,109.05,109.06
2015-01-02 15:02:31,109.05,109.06
2015-01-02 15:02:32,109.07,109.08
2015-01-02 15:02:33,109.07,109.08
2015-01-02 15:02:34,109.07,109.08
2015-01-02 15:02:35,109.07,109.08
2015-01-02 15:02:36,109.07,109.08
2015-01-02 15:02:37,109.07,109.08
2015-01-02 15:02:38,109.07,109.08
2015-01-02 15:02:39,109.07,109.08
2015-01-02 15:02:40,109.07,109.08
2015-01-02 15:02:41,109.07,109.08
2015-01-02 15:02:42,109.07,109.08
2015-01-02 15:02:43,109.07,109.08
2015-01-02 15:02:44,109.07,109.08
2015-01-02 15:02:45,109.07,109.08
2015-01-02 15:02:46,109.07,109.08
2015-01-02 15:02:47,109.07,109.08
2015-01-02 15:02:48,109.07,109.08
2015-01-02 15:02:49,109.07,109.08
2015-01-02 15:02:50,109.07,109.08
2015-01-02 15:02:51,109.07,109.08
2015-01-02 15:02:52,109.07,109.08
2015-01-02 15:02:53,109.06,109.07
2015-01-02 15:02:54,109.05,109.06
2015-01-02 15:02:55,109.05,109.06
2015-01-02 15:02:56,109.05,109.06
2015-01-02 15:02:57,109.05,109.06
2015-01-02 15:02:58,109.05,109.06
2015-01-02 15:02:59,109.05,109.06
2015-01-02 15:03:00,109.05,109.06
2015-01-02 15:03:01,109.05,109.06
2015-01-02 15:03:02,109.06,109.07
2015-01-02 15:03:03,109.05,109.06
2015-01-02 15:03:04,109.06,109.07
2015-01-02 15:03:05,109.06,109.07
2015-01-02 15:03:06,109.05,109.06
2015-01-02 15:03:07,109.05,109.06
2015-01-02 15:03:08,109.05,109.06
2015-01-02 15:03:09,109.05,109.06
2015-01-02 15:03:10,109.05,109.06
2015-01-02 15:03:11,109.05,109.06
2015-01-02 15:03:12,109.05,109.06
2015-01-02 15:03:13,109.05,109.06
2015-01-02 15:03:14,109.07,109.08
2015-01-02 15:03:15,109.07,109.08
2015-01-02 15:03:16,109.07,109.08
2015-01-02 15:03:17,109.07,109.08
2015-01-02 15:03:18,109.07,109.08
2015-01-02 15:03:19,109.07,109.08
2015-01-02 15:03:20,109.07,109.08
2015-01-02 15:03:21,109.07,109.08
2015-01-02 15:03:22,109.07,109.08
2015-01-02 15:03:23,109.07,109.08
2015-01-02 15:03:24,109.07,109.08
2015-01-02 15:03:25,109.08,109.09
2015-01-02 15:03:26,109.07,109.08
2015-01-02 15:03:27,109.07,109.08
2015-01-02 15:03:28,109.08,109.09
2015-01-02 15:03:29,109.09,109.1
2015-01-02 15:03:30,109.09,109.1
2015-01-02 15:03:31,109.1,109.11
2015-01-02 15:03:32,109.1,109.11
2015-01-02 15:03:33,109.09,109.11
2015-01-02 15:03:34,109.09,109.1
2015-01-02 15:03:35,109.1,109.11
2015-01-02 15:03:36,109.1,109.11
2015-01-02 15:03:37,109.1,109.11
2015-01-02 15:03:38,109.1,109.11
2015-01-02 15:03:39,109.1,109.11
2015-01-02 15:03:40,109.1,109.11
2015-01-02 15:03:41,109.1,109.11
2015-01-02 15:03:42,109.09,109.1
2015-01-02 15:03:43,109.09,109.1
2015-01-02 15:03:44,109.09,109.1
2015-01-02 15:03:45,109.09,109.1
2015-01-02 15:03:46,109.09,109.1
2015-01-02 15:03:47,109.09,109.1
2015-01-02 15:03:48,109.09,109.1
2015-01-02 15:03:49,109.09,109.1
2015-01-02 15:03:50,109.09,109.1
2015-01-02 15:03:51,109.09,109.1
2015-01-02 15:03:52,109.09,109.1
2015-01-02 15:03:53,109.09,109.1
2015-01-02 15:03:54,109.1,109.11
2015-01-02 15:03:55,109.1,109.11
2015-01-02 15:03:56,109.09,109.1
2015-01-02 15:03:57,109.09,109.1
2015-01-02 15:03:58,109.08,109.09
2015-01-02 15:03:59,109.08,109.09
2015-01-02 15:04:00,109.08,109.09
2015-01-02 15:04:01,109.08,109.1
2015-01-02 15:04:02,109.07,109.08
2015-01-02 15:04:03,109.07,109.08
2015-01-02 15:04:04,109.08,109.09
2015-01-02 15:04:05,109.07,109.08
2015-01-02 15:04:06,109.07,109.08
2015-01-02 15:04:07,109.08,109.09
2015-01-02 15:04:08,109.08,109.09
2015-01-02 15:04:09,109.08,109.09
2015-01-02 15:04:10,109.08,109.09
2015-01-02 15:04:11,109.07,109.08
2015-01-02 15:04:12,109.05,109.06
2015-01-02 15:04:13,109.05,109.06
2015-01-02 15:04:14,109.04,109.05
2015-01-02 15:04:15,109.01,109.02
2015-01-02 15:04:16,109.03,109.04
2015-01-02 15:04:17,109.02,109.03
2015-01-02 15:04:18,109.02,109.03
2015-01-02 15:04:19,109.03,109.04
2015-01-02 15:04:20,109.02,109.03
2015-01-02 15:04:21,109.02,109.03
2015-01-02 15:04:22,109.02,109.03
2015-01-02 15:04:23,109.02,109.03
2015-01-02 15:04:24,109.01,109.02
2015-01-02 15:04:25,109.02,109.03
2015-01-02 15:04:26,109.01,109.02
2015-01-02 15:04:27,109.01,109.02
2015-01-02 15:04:28,109.02,109.03
2015-01-02 15:04:29,109.02,109.03
2015-01-02 15:04:30,109.02,109.03
2015-01-02 15:04:31,109.02,109.03
2015-01-02 15:04:32,109.02,109.03
2015-01-02 15:04:33,109.02,109.03
2015-01-02 15:04:34,109.01,109.02
2015-01-02 15:04:35,109.01,109.02
2015-01-02 15:04:36,109.01,109.02
2015-01-02 15:04:37,109.01,109.02
2015-01-02 15:04:38,109.01,109.02
2015-01-02 15:04:39,109.02,109.03
2015-01-02 15:04:40,109.02,109.03
2015-01-02 15:04:41,109.02,109.03
2015-01-02 15:04:42,109.02,109.03
2015-01-02 15:04:43,109.02,109.03
2015-01-02 15:04:44,109.02,109.03
2015-01-02 15:04:45,109.02,109.03
2015-01-02 15:04:46,109.02,109.03
2015-01-02 15:04:47,109.01,109.02
2015-01-02 15:04:48,109.01,109.02
2015-01-02 15:04:49,109.01,109.02
2015-01-02 15:04:50,109.01,109.02
2015-01-02 15:04:51,109.01,109.02
2015-01-02 15:04:52,109.01,109.02
2015-01-02 15:04:53,109.01,109.02
2015-01-02 15:04:54,109.01,109.02
2015-01-02 15:04:55,109.01,109.02
2015-01-02 15:04:56,109.01,109.02
2015-01-02 15:04:57,109.01,109.02
2015-01-02 15:04:58,109.01,109.02
2015-01-02 15:04:59,109.0,109.01
2015-01-02 15:05:00,109.0,109.01
2015-01-02 15:05:01,109.0,109.01
2015-01-02 15:05:02,109.0,109.01
2015-01-02 15:05:03,109.0,109.01
2015-01-02 15:05:04,109.0,109.01
2015-01-02 15:05:05,109.0,109.01
2015-01-02 15:05:06,109.0,109.01
2015-01-02 15:05:07,109.0,109.01
2015-01-02 15:05:08,109.0,109.01
2015-01-02 15:05:09,109.0,109.01
2015-01-02 15:05:10,109.0,109.01
2015-01-02 15:05:11,109.0,109.01
2015-01-02 15:05:12,109.0,109.01
2015-01-02 15:05:13,109.0,109.01
2015-01-02 15:05:14,109.0,109.01
2015-01-02 15:05:15,109.0,109.01
2015-01-02 15:05:16,109.0,109.01
2015-01-02 15:05:17,109.0,109.01
2015-01-02 15:05:18,109.0,109.01
2015-01-02 15:05:19,109.0,109.01
2015-01-02 15:05:20,109.0,109.01
2015-01-02 15:05:21,109.0,109.01
2015-01-02 15:05:22,109.01,109.01
2015-01-02 15:05:23,109.0,109.01
2015-01-02 15:05:24,109.01,109.02
2015-01-02 15:05:25,109.01,109.02
2015-01-02 15:05:26,109.01,109.02
2015-01-02 15:05:27,109.02,109.03
2015-01-02 15:05:28,109.01,109.02
2015-01-02 15:05:29,109.01,109.02
2015-01-02 15:05:30,109.01,109.02
2015-01-02 15:05:31,109.01,109.02
2015-01-02 15:05:32,109.01,109.02
2015-01-02 15:05:33,109.01,109.02
2015-01-02 15:05:34,109.01,109.02
2015-01-02 15:05:35,109.02,109.03
2015-01-02 15:05:36,109.02,109.03
2015-01-02 15:05:37,109.02,109.03
2015-01-02 15:05:38,109.02,109.03
2015-01-02 15:05:39,109.02,109.03
2015-01-02 15:05:40,109.04,109.05
2015-01-02 15:05:41,109.04,109.05
2015-01-02 15:05:42,109.03,109.04
2015-01-02 15:05:43,109.03,109.04
2015-01-02 15:05:44,109.04,109.05
2015-01-02 15:05:45,109.06,109.07
2015-01-02 15:05:46,109.06,109.07
2015-01-02 15:05:47,109.06,109.07
2015-01-02 15:05:48,109.06,109.07
2015-01-02 15:05:49,109.06,109.07
2015-01-02 15:05:50,109.06,109.07
2015-01-02 15:05:51,109.06,109.07
2015-01-02 15:05:52,109.06,109.07
2015-01-02 15:05:53,109.06,109.07
2015-01-02 15:05:54,109.06,109.07
2015-01-02 15:05:55,109.06,109.07
2015-01-02 15:05:56,109.06,109.07
2015-01-02 15:05:57,109.05,109.06
2015-01-02 15:05:58,109.05,109.06
2015-01-02 15:05:59,109.05,109.07
2015-01-02 15:06:00,109.06,109.07
2015-01-02 15:06:01,109.07,109.08
2015-01-02 15:06:02,109.07,109.08
2015-01-02 15:06:03,109.07,109.08
2015-01-02 15:06:04,109.07,109.08
2015-01-02 15:06:05,109.07,109.08
2015-01-02 15:06:06,109.07,109.08
2015-01-02 15:06:07,109.07,109.08
2015-01-02 15:06:08,109.07,109.08
2015-01-02 15:06:09,109.07,109.08
2015-01-02 15:06:10,109.07,109.08
2015-01-02 15:06:11,109.07,109.08
2015-01-02 15:06:12,109.06,109.07
2015-01-02 15:06:13,109.06,109.07
2015-01-02 15:06:14,109.05,109.06
2015-01-02 15:06:15,109.05,109.06
2015-01-02 15:06:16,109.05,109.06
2015-01-02 15:06:17,109.04,109.05
2015-01-02 15:06:18,109.04,109.05
2015-01-02 15:06:19,109.04,109.05
2015-01-02 15:06:20,109.03,109.04
2015-01-02 15:06:21,109.04,109.05
2015-01-02 15:06:22,109.03,109.04
2015-01-02 15:06:23,109.03,109.04
2015-01-02 15:06:24,109.03,109.04
2015-01-02 15:06:25,109.03,109.04
2015-01-02 15:06:26,109.02,109.03
2015-01-02 15:06:27,109.02,109.03
2015-01-02 15:06:28,109.02,109.03
2015-01-02 15:06:29,109.01,109.02
2015-01-02 15:06:30,109.02,109.03
2015-01-02 15:06:31,109.02,109.03
2015-01-02 15:06:32,109.02,109.03
2015-01-02 15:06:33,109.02,109.03
2015-01-02 15:06:34,109.02,109.03
2015-01-02 15:06:35,109.02,109.03
2015-01-02 15:06:36,109.02,109.03
2015-01-02 15:06:37,109.02,109.03
2015-01-02 15:06:38,109.02,109.03
2015-01-02 15:06:39,109.02,109.03
2015-01-02 15:06:40,109.02,109.03
2015-01-02 15:06:41,109.02,109.03
2015-01-02 15:06:42,109.02,109.03
2015-01-02 15:06:43,109.01,109.02
2015-01-02 15:06:44,109.0,109.01
2015-01-02 15:06:45,108.99,109.0
2015-01-02 15:06:46,108.99,109.0
2015-01-02 15:06:47,108.97,108.98
2015-01-02 15:06:48,108.97,108.98
2015-01-02 15:06:49,108.97,108.98
2015-01-02 15:06:50,108.97,108.98
2015-01-02 15:06:51,108.96,108.98
2015-01-02 15:06:52,108.95,108.96
2015-01-02 15:06:53,108.94,108.95
2015-01-02 15:06:54,108.94,108.95
2015-01-02 15:06:55,108.91,108.92
2015-01-02 15:06:56,108.91,108.93
2015-01-02 15:06:57,108.92,108.93
2015-01-02 15:06:58,108.92,108.93
2015-01-02 15:06:59,108.94,108.95
2015-01-02 15:07:00,108.92,108.93
2015-01-02 15:07:01,108.92,108.93
2015-01-02 15:07:02,108.92,108.93
2015-01-02 15:07:03,108.92,108.93
2015-01-02 15:07:04,108.92,108.93
2015-01-02 15:07:05,108.91,108.92
2015-01-02 15:07:06,108.92,108.93
2015-01-02 15:07:07,108.93,108.94
2015-01-02 15:07:08,108.93,108.94
2015-01-02 15:07:09,108.93,108.94
2015-01-02 15:07:10,108.91,108.93
2015-01-02 15:07:11,108.91,108.93
2015-01-02 15:07:12,108.91,108.93
2015-01-02 15:07:13,108.91,108.92
2015-01-02 15:07:14,108.91,108.92
2015-01-02 15:07:15,108.93,108.94
2015-01-02 15:07:16,108.93,108.94
2015-01-02 15:07:17,108.93,108.94
2015-01-02 15:07:18,108.93,108.94
2015-01-02 15:07:19,108.93,108.94
2015-01-02 15:07:20,108.93,108.94
2015-01-02 15:07:21,108.94,108.95
2015-01-02 15:07:22,108.96,108.97
2015-01-02 15:07:23,108.97,108.98
2015-01-02 15:07:24,108.96,108.97
2015-01-02 15:07:25,108.96,108.97
2015-01-02 15:07:26,108.96,108.97
2015-01-02 15:07:27,108.96,108.97
2015-01-02 15:07:28,108.96,108.97
2015-01-02 15:07:29,108.96,108.97
2015-01-02 15:07:30,108.96,108.97
2015-01-02 15:07:31,108.97,108.98
2015-01-02 15:07:32,108.97,108.98
2015-01-02 15:07:33,108.97,108.98
2015-01-02 15:07:34,108.97,108.98
2015-01-02 15:07:35,108.98,108.99
2015-01-02 15:07:36,108.98,108.99
2015-01-02 15:07:37,108.98,108.99
2015-01-02 15:07:38,108.99,109.0
2015-01-02 15:07:39,108.99,109.0
2015-01-02 15:07:40,108.99,109.0
2015-01-02 15:07:41,108.99,109.0
2015-01-02 15:07:42,108.97,108.99
2015-01-02 15:07:43,108.97,108.98
2015-01-02 15:07:44,108.98,108.99
2015-01-02 15:07:45,108.97,108.98
2015-01-02 15:07:46,108.98,108.99
2015-01-02 15:07:47,108.98,108.99
2015-01-02 15:07:48,108.98,108.99
2015-01-02 15:07:49,108.99,109.0
2015-01-02 15:07:50,108.99,109.0
2015-01-02 15:07:51,108.99,109.0
2015-01-02 15:07:52,108.99,109.0
2015-01-02 15:07:53,108.98,108.99
2015-01-02 15:07:54,108.99,109.0
2015-01-02 15:07:55,108.99,109.0
2015-01-02 15:07:56,108.98,108.99
2015-01-02 15:07:57,108.98,108.99
2015-01-02 15:07:58,108.98,108.99
2015-01-02 15:07:59,108.98,108.99
2015-01-02 15:08:00,108.97,108.99
2015-01-02 15:08:01,108.98,108.99
2015-01-02 15:08:02,108.98,108.99
2015-01-02 15:08:03,108.99,109.0
2015-01-02 15:08:04,109.0,109.01
2015-01-02 15:08:05,109.0,109.01
2015-01-02 15:08:06,109.0,109.01
2015-01-02 15:08:07,109.0,109.01
2015-01-02 15:08:08,109.0,109.01
2015-01-02 15:08:09,109.0,109.01
2015-01-02 15:08:10,109.0,109.01
2015-01-02 15:08:11,108.99,109.0
2015-01-02 15:08:12,108.98,108.99
2015-01-02 15:08:13,108.98,108.99
2015-01-02 15:08:14,108.97,108.98
2015-01-02 15:08:15,108.96,108.97
2015-01-02 15:08:16,108.96,108.97
2015-01-02 15:08:17,108.96,108.97
2015-01-02 15:08:18,108.97,108.98
2015-01-02 15:08:19,108.97,108.98
2015-01-02 15:08:20,108.98,108.99
2015-01-02 15:08:21,108.98,108.99
2015-01-02 15:08:22,108.98,108.99
2015-01-02 15:08:23,108.98,108.99
2015-01-02 15:08:24,108.98,108.99
2015-01-02 15:08:25,108.98,108.99
2015-01-02 15:08:26,108.98,108.99
2015-01-02 15:08:27,108.98,108.99
2015-01-02 15:08:28,108.98,108.99
2015-01-02 15:08:29,109.0,109.01
2015-01-02 15:08:30,109.0,109.01
2015-01-02 15:08:31,108.98,108.99
2015-01-02 15:08:32,108.98,108.99
2015-01-02 15:08:33,108.99,109.0
2015-01-02 15:08:34,108.98,109.0
2015-01-02 15:08:35,108.98,109.0
2015-01-02 15:08:36,108.98,109.0
2015-01-02 15:08:37,108.99,109.0
2015-01-02 15:08:38,109.0,109.01
2015-01-02 15:08:39,109.0,109.01
2015-01-02 15:08:40,109.0,109.01
2015-01-02 15:08:41,109.0,109.01
2015-01-02 15:08:42,109.0,109.01
2015-01-02 15:08:43,109.0,109.01
2015-01-02 15:08:44,109.0,109.01
2015-01-02 15:08:45,109.0,109.01
2015-01-02 15:08:46,109.0,109.01
2015-01-02 15:08:47,108.97,108.98
2015-01-02 15:08:48,108.99,109.0
2015-01-02 15:08:49,108.99,109.0
2015-01-02 15:08:50,109.0,109.01
2015-01-02 15:08:51,108.99,109.0
2015-01-02 15:08:52,108.99,109.0
2015-01-02 15:08:53,108.99,109.0
2015-01-02 15:08:54,108.99,109.0
2015-01-02 15:08:55,108.99,109.0
2015-01-02 15:08:56,109.0,109.01
2015-01-02 15:08:57,109.0,109.01
2015-01-02 15:08:58,108.99,109.0
2015-01-02 15:08:59,108.99,109.0
2015-01-02 15:09:00,108.99,109.0
2015-01-02 15:09:01,108.99,109.0
2015-01-02 15:09:02,108.99,109.0
2015-01-02 15:09:03,109.0,109.01
2015-01-02 15:09:04,109.0,109.01
2015-01-02 15:09:05,109.0,109.01
2015-01-02 15:09:06,108.99,109.0
2015-01-02 15:09:07,108.99,109.0
2015-01-02 15:09:08,108.99,109.0
2015-01-02 15:09:09,108.99,109.0
2015-01-02 15:09:10,108.99,109.0
2015-01-02 15:09:11,108.99,109.0
2015-01-02 15:09:12,108.99,109.0
2015-01-02 15:09:13,109.0,109.01
2015-01-02 15:09:14,109.0,109.01
2015-01-02 15:09:15,109.01,109.02
2015-01-02 15:09:16,109.01,109.01
2015-01-02 15:09:17,109.01,109.02
2015-01-02 15:09:18,109.01,109.02
2015-01-02 15:09:19,109.01,109.02
2015-01-02 15:09:20,109.0,109.01
2015-01-02 15:09:21,108.99,109.0
2015-01-02 15:09:22,108.97,108.98
2015-01-02 15:09:23,108.97,108.98
2015-01-02 15:09:24,108.97,108.98
2015-01-02 15:09:25,108.97,108.98
2015-01-02 15:09:26,108.97,108.98
2015-01-02 15:09:27,108.96,108.97
2015-01-02 15:09:28,108.95,108.96
2015-01-02 15:09:29,108.95,108.96
2015-01-02 15:09:30,108.95,108.96
2015-01-02 15:09:31,108.95,108.96
2015-01-02 15:09:32,108.95,108.96
2015-01-02 15:09:33,108.95,108.96
2015-01-02 15:09:34,108.95,108.96
2015-01-02 15:09:35,108.95,108.96
2015-01-02 15:09:36,108.95,108.96
2015-01-02 15:09:37,108.95,108.96
2015-01-02 15:09:38,108.95,108.96
2015-01-02 15:09:39,108.95,108.96
2015-01-02 15:09:40,108.94,108.95
2015-01-02 15:09:41,108.93,108.94
2015-01-02 15:09:42,108.93,108.94
2015-01-02 15:09:43,108.93,108.94
2015-01-02 15:09:44,108.92,108.93
2015-01-02 15:09:45,108.92,108.93
2015-01-02 15:09:46,108.93,108.94
2015-01-02 15:09:47,108.93,108.94
2015-01-02 15:09:48,108.92,108.93
2015-01-02 15:09:49,108.92,108.93
2015-01-02 15:09:50,108.92,108.93
2015-01-02 15:09:51,108.92,108.93
2015-01-02 15:09:52,108.92,108.93
2015-01-02 15:09:53,108.92,108.93
2015-01-02 15:09:54,108.92,108.93
2015-01-02 15:09:55,108.92,108.93
2015-01-02 15:09:56,108.92,108.93
2015-01-02 15:09:57,108.92,108.93
2015-01-02 15:09:58,108.92,108.93
2015-01-02 15:09:59,108.92,108.93
2015-01-02 15:10:00,108.92,108.93
2015-01-02 15:10:01,108.92,108.93
2015-01-02 15:10:02,108.92,108.93
2015-01-02 15:10:03,108.92,108.93
2015-01-02 15:10:04,108.92,108.93
2015-01-02 15:10:05,108.92,108.93
2015-01-02 15:10:06,108.92,108.93
2015-01-02 15:10:07,108.92,108.93
2015-01-02 15:10:08,108.92,108.93
2015-01-02 15:10:09,108.92,108.93
2015-01-02 15:10:10,108.92,108.93
2015-01-02 15:10:11,108.92,108.93
2015-01-02 15:10:12,108.92,108.93
2015-01-02 15:10:13,108.92,108.93
2015-01-02 15:10:14,108.92,108.93
2015-01-02 15:10:15,108.92,108.93
2015-01-02 15:10:16,108.92,108.93
2015-01-02 15:10:17,108.92,108.93
2015-01-02 15:10:18,108.92,108.93
2015-01-02 15:10:19,108.92,108.93
2015-01-02 15:10:20,108.92,108.93
2015-01-02 15:10:21,108.92,108.93
2015-01-02 15:10:22,108.92,108.93
2015-01-02 15:10:23,108.92,108.93
2015-01-02 15:10:24,108.92,108.93
2015-01-02 15:10:25,108.92,108.93
2015-01-02 15:10:26,108.92,108.93
2015-01-02 15:10:27,108.92,108.93
2015-01-02 15:10:28,108.92,108.93
2015-01-02 15:10:29,108.91,108.92
2015-01-02 15:10:30,108.91,108.92
2015-01-02 15:10:31,108.91,108.92
2015-01-02 15:10:32,108.91,108.92
2015-01-02 15:10:33,108.9,108.91
2015-01-02 15:10:34,108.9,108.91
2015-01-02 15:10:35,108.9,108.91
2015-01-02 15:10:36,108.9,108.91
2015-01-02 15:10:37,108.9,108.91
2015-01-02 15:10:38,108.9,108.91
2015-01-02 15:10:39,108.9,108.91
2015-01-02 15:10:40,108.9,108.91
2015-01-02 15:10:41,108.89,108.9
2015-01-02 15:10:42,108.89,108.9
2015-01-02 15:10:43,108.89,108.9
2015-01-02 15:10:44,108.89,108.9
2015-01-02 15:10:45,108.88,108.89
2015-01-02 15:10:46,108.89,108.9
2015-01-02 15:10:47,108.89,108.9
2015-01-02 15:10:48,108.89,108.9
2015-01-02 15:10:49,108.88,108.89
2015-01-02 15:10:50,108.87,108.88
2015-01-02 15:10:51,108.87,108.88
2015-01-02 15:10:52,108.87,108.88
2015-01-02 15:10:53,108.86,108.87
2015-01-02 15:10:54,108.83,108.84
2015-01-02 15:10:55,108.82,108.83
2015-01-02 15:10:56,108.8,108.81
2015-01-02 15:10:57,108.78,108.79
2015-01-02 15:10:58,108.78,108.79
2015-01-02 15:10:59,108.78,108.79
2015-01-02 15:11:00,108.78,108.79
2015-01-02 15:11:01,108.78,108.79
2015-01-02 15:11:02,108.77,108.79
2015-01-02 15:11:03,108.77,108.78
2015-01-02 15:11:04,108.78,108.79
2015-01-02 15:11:05,108.79,108.8
2015-01-02 15:11:06,108.8,108.81
2015-01-02 15:11:07,108.8,108.81
2015-01-02 15:11:08,108.8,108.81
2015-01-02 15:11:09,108.79,108.8
2015-01-02 15:11:10,108.78,108.79
2015-01-02 15:11:11,108.78,108.79
2015-01-02 15:11:12,108.77,108.78
2015-01-02 15:11:13,108.76,108.77
2015-01-02 15:11:14,108.76,108.76
2015-01-02 15:11:15,108.75,108.77
2015-01-02 15:11:16,108.75,108.77
2015-01-02 15:11:17,108.74,108.75
2015-01-02 15:11:18,108.71,108.72
2015-01-02 15:11:19,108.72,108.73
2015-01-02 15:11:20,108.72,108.73
2015-01-02 15:11:21,108.74,108.75
2015-01-02 15:11:22,108.74,108.75
2015-01-02 15:11:23,108.76,108.77
2015-01-02 15:11:24,108.76,108.77
2015-01-02 15:11:25,108.76,108.77
2015-01-02 15:11:26,108.76,108.77
2015-01-02 15:11:27,108.77,108.78
2015-01-02 15:11:28,108.78,108.79
2015-01-02 15:11:29,108.78,108.79
2015-01-02 15:11:30,108.82,108.83
2015-01-02 15:11:31,108.82,108.83
2015-01-02 15:11:32,108.81,108.82
2015-01-02 15:11:33,108.81,108.82
2015-01-02 15:11:34,108.82,108.83
2015-01-02 15:11:35,108.81,108.82
2015-01-02 15:11:36,108.8,108.81
2015-01-02 15:11:37,108.79,108.8
2015-01-02 15:11:38,108.79,108.8
2015-01-02 15:11:39,108.8,108.81
2015-01-02 15:11:40,108.8,108.81
2015-01-02 15:11:41,108.81,108.82
2015-01-02 15:11:42,108.81,108.82
2015-01-02 15:11:43,108.81,108.82
2015-01-02 15:11:44,108.82,108.83
2015-01-02 15:11:45,108.82,108.83
2015-01-02 15:11:46,108.81,108.82
2015-01-02 15:11:47,108.83,108.84
2015-01-02 15:11:48,108.83,108.85
2015-01-02 15:11:49,108.81,108.82
2015-01-02 15:11:50,108.79,108.8
2015-01-02 15:11:51,108.79,108.8
2015-01-02 15:11:52,108.8,108.81
2015-01-02 15:11:53,108.8,108.81
2015-01-02 15:11:54,108.8,108.81
2015-01-02 15:11:55,108.8,108.82
2015-01-02 15:11:56,108.8,108.81
2015-01-02 15:11:57,108.8,108.81
2015-01-02 15:11:58,108.79,108.8
2015-01-02 15:11:59,108.77,108.79
2015-01-02 15:12:00,108.79,108.8
2015-01-02 15:12:01,108.79,108.8
2015-01-02 15:12:02,108.78,108.8
2015-01-02 15:12:03,108.79,108.8
2015-01-02 15:12:04,108.79,108.8
2015-01-02 15:12:05,108.79,108.8
2015-01-02 15:12:06,108.79,108.8
2015-01-02 15:12:07,108.79,108.8
2015-01-02 15:12:08,108.79,108.8
2015-01-02 15:12:09,108.77,108.78
2015-01-02 15:12:10,108.77,108.78
2015-01-02 15:12:11,108.77,108.78
2015-01-02 15:12:12,108.77,108.78
2015-01-02 15:12:13,108.76,108.77
2015-01-02 15:12:14,108.76,108.77
2015-01-02 15:12:15,108.76,108.77
2015-01-02 15:12:16,108.76,108.77
2015-01-02 15:12:17,108.75,108.76
2015-01-02 15:12:18,108.74,108.75
2015-01-02 15:12:19,108.74,108.76
2015-01-02 15:12:20,108.73,108.74
2015-01-02 15:12:21,108.73,108.74
2015-01-02 15:12:22,108.72,108.73
2015-01-02 15:12:23,108.7,108.71
2015-01-02 15:12:24,108.7,108.71
2015-01-02 15:12:25,108.69,108.7
2015-01-02 15:12:26,108.71,108.72
2015-01-02 15:12:27,108.71,108.72
2015-01-02 15:12:28,108.71,108.72
2015-01-02 15:12:29,108.72,108.73
2015-01-02 15:12:30,108.72,108.73
2015-01-02 15:12:31,108.72,108.73
2015-01-02 15:12:32,108.7,108.71
2015-01-02 15:12:33,108.72,108.73
2015-01-02 15:12:34,108.73,108.74
2015-01-02 15:12:35,108.71,108.72
2015-01-02 15:12:36,108.71,108.72
2015-01-02 15:12:37,108.72,108.73
2015-01-02 15:12:38,108.72,108.73
2015-01-02 15:12:39,108.73,108.75
2015-01-02 15:12:40,108.75,108.76
2015-01-02 15:12:41,108.75,108.76
2015-01-02 15:12:42,108.76,108.77
2015-01-02 15:12:43,108.79,108.8
2015-01-02 15:12:44,108.79,108.8
2015-01-02 15:12:45,108.8,108.81
2015-01-02 15:12:46,108.8,108.81
2015-01-02 15:12:47,108.8,108.82
2015-01-02 15:12:48,108.82,108.83
2015-01-02 15:12:49,108.82,108.83
2015-01-02 15:12:50,108.82,108.83
2015-01-02 15:12:51,108.82,108.83
2015-01-02 15:12:52,108.83,108.85
2015-01-02 15:12:53,108.84,108.85
2015-01-02 15:12:54,108.84,108.85
2015-01-02 15:12:55,108.82,108.83
2015-01-02 15:12:56,108.82,108.83
2015-01-02 15:12:57,108.82,108.83
2015-01-02 15:12:58,108.8,108.81
2015-01-02 15:12:59,108.8,108.81
2015-01-02 15:13:00,108.78,108.79
2015-01-02 15:13:01,108.77,108.78
2015-01-02 15:13:02,108.78,108.79
2015-01-02 15:13:03,108.8,108.81
2015-01-02 15:13:04,108.8,108.81
2015-01-02 15:13:05,108.81,108.82
2015-01-02 15:13:06,108.81,108.82
2015-01-02 15:13:07,108.81,108.82
2015-01-02 15:13:08,108.81,108.82
2015-01-02 15:13:09,108.81,108.82
2015-01-02 15:13:10,108.81,108.82
2015-01-02 15:13:11,108.81,108.82
2015-01-02 15:13:12,108.81,108.82
2015-01-02 15:13:13,108.81,108.82
2015-01-02 15:13:14,108.81,108.82
2015-01-02 15:13:15,108.81,108.82
2015-01-02 15:13:16,108.81,108.82
2015-01-02 15:13:17,108.81,108.82
2015-01-02 15:13:18,108.81,108.82
2015-01-02 15:13:19,108.81,108.82
2015-01-02 15:13:20,108.81,108.82
2015-01-02 15:13:21,108.81,108.82
2015-01-02 15:13:22,108.81,108.82
2015-01-02 15:13:23,108.81,108.82
2015-01-02 15:13:24,108.81,108.82
2015-01-02 15:13:25,108.81,108.82
2015-01-02 15:13:26,108.82,108.83
2015-01-02 15:13:27,108.82,108.83
2015-01-02 15:13:28,108.84,108.85
2015-01-02 15:13:29,108.83,108.84
2015-01-02 15:13:30,108.83,108.84
2015-01-02 15:13:31,108.83,108.84
2015-01-02 15:13:32,108.84,108.85
2015-01-02 15:13:33,108.84,108.85
2015-01-02 15:13:34,108.84,108.85
2015-01-02 15:13:35,108.84,108.85
2015-01-02 15:13:36,108.84,108.85
2015-01-02 15:13:37,108.84,108.85
2015-01-02 15:13:38,108.85,108.86
2015-01-02 15:13:39,108.85,108.86
2015-01-02 15:13:40,108.85,108.86
2015-01-02 15:13:41,108.84,108.85
2015-01-02 15:13:42,108.83,108.84
2015-01-02 15:13:43,108.82,108.83
2015-01-02 15:13:44,108.82,108.83
2015-01-02 15:13:45,108.84,108.85
2015-01-02 15:13:46,108.84,108.85
2015-01-02 15:13:47,108.84,108.85
2015-01-02 15:13:48,108.83,108.84
2015-01-02 15:13:49,108.83,108.84
2015-01-02 15:13:50,108.83,108.84
2015-01-02 15:13:51,108.83,108.84
2015-01-02 15:13:52,108.83,108.84
2015-01-02 15:13:53,108.83,108.84
2015-01-02 15:13:54,108.82,108.83
2015-01-02 15:13:55,108.83,108.84
2015-01-02 15:13:56,108.82,108.83
2015-01-02 15:13:57,108.83,108.84
2015-01-02 15:13:58,108.82,108.83
2015-01-02 15:13:59,108.82,108.83
2015-01-02 15:14:00,108.82,108.83
2015-01-02 15:14:01,108.8,108.82
2015-01-02 15:14:02,108.79,108.8
2015-01-02 15:14:03,108.79,108.8
2015-01-02 15:14:04,108.79,108.8
2015-01-02 15:14:05,108.79,108.8
2015-01-02 15:14:06,108.79,108.8
2015-01-02 15:14:07,108.79,108.8
2015-01-02 15:14:08,108.78,108.79
2015-01-02 15:14:09,108.78,108.79
2015-01-02 15:14:10,108.78,108.79
2015-01-02 15:14:11,108.79,108.8
2015-01-02 15:14:12,108.79,108.8
2015-01-02 15:14:13,108.79,108.8
2015-01-02 15:14:14,108.76,108.78
2015-01-02 15:14:15,108.77,108.78
2015-01-02 15:14:16,108.76,108.77
2015-01-02 15:14:17,108.76,108.77
2015-01-02 15:14:18,108.76,108.76
2015-01-02 15:14:19,108.76,108.76
2015-01-02 15:14:20,108.77,108.78
2015-01-02 15:14:21,108.76,108.77
2015-01-02 15:14:22,108.76,108.77
2015-01-02 15:14:23,108.75,108.76
2015-01-02 15:14:24,108.75,108.76
2015-01-02 15:14:25,108.76,108.77
2015-01-02 15:14:26,108.76,108.77
2015-01-02 15:14:27,108.76,108.77
2015-01-02 15:14:28,108.76,108.77
2015-01-02 15:14:29,108.76,108.77
2015-01-02 15:14:30,108.77,108.78
2015-01-02 15:14:31,108.78,108.79
2015-01-02 15:14:32,108.78,108.79
2015-01-02 15:14:33,108.79,108.8
2015-01-02 15:14:34,108.79,108.8
2015-01-02 15:14:35,108.79,108.8
2015-01-02 15:14:36,108.79,108.8
2015-01-02 15:14:37,108.78,108.79
2015-01-02 15:14:38,108.78,108.79
2015-01-02 15:14:39,108.79,108.8
2015-01-02 15:14:40,108.8,108.81
2015-01-02 15:14:41,108.82,108.83
2015-01-02 15:14:42,108.82,108.83
2015-01-02 15:14:43,108.82,108.83
2015-01-02 15:14:44,108.83,108.84
2015-01-02 15:14:45,108.82,108.83
2015-01-02 15:14:46,108.82,108.83
2015-01-02 15:14:47,108.82,108.83
2015-01-02 15:14:48,108.82,108.83
2015-01-02 15:14:49,108.82,108.83
2015-01-02 15:14:50,108.82,108.83
2015-01-02 15:14:51,108.79,108.8
2015-01-02 15:14:52,108.8,108.81
2015-01-02 15:14:53,108.8,108.82
2015-01-02 15:14:54,108.81,108.82
2015-01-02 15:14:55,108.81,108.82
2015-01-02 15:14:56,108.81,108.82
2015-01-02 15:14:57,108.8,108.81
2015-01-02 15:14:58,108.8,108.81
2015-01-02 15:14:59,108.8,108.81
2015-01-02 15:15:00,108.79,108.8
2015-01-02 15:15:01,108.8,108.81
2015-01-02 15:15:02,108.8,108.81
2015-01-02 15:15:03,108.81,108.82
2015-01-02 15:15:04,108.81,108.82
2015-01-02 15:15:05,108.8,108.81
2015-01-02 15:15:06,108.81,108.82
2015-01-02 15:15:07,108.81,108.82
2015-01-02 15:15:08,108.84,108.85
2015-01-02 15:15:09,108.84,108.85
2015-01-02 15:15:10,108.85,108.86
2015-01-02 15:15:11,108.83,108.84
2015-01-02 15:15:12,108.84,108.85
2015-01-02 15:15:13,108.84,108.85
2015-01-02 15:15:14,108.83,108.84
2015-01-02 15:15:15,108.84,108.85
2015-01-02 15:15:16,108.84,108.85
2015-01-02 15:15:17,108.86,108.87
2015-01-02 15:15:18,108.86,108.87
2015-01-02 15:15:19,108.86,108.87
2015-01-02 15:15:20,108.86,108.87
2015-01-02 15:15:21,108.86,108.87
2015-01-02 15:15:22,108.83,108.84
2015-01-02 15:15:23,108.85,108.86
2015-01-02 15:15:24,108.84,108.85
2015-01-02 15:15:25,108.85,108.86
2015-01-02 15:15:26,108.85,108.86
2015-01-02 15:15:27,108.86,108.87
2015-01-02 15:15:28,108.87,108.88
2015-01-02 15:15:29,108.87,108.88
2015-01-02 15:15:30,108.87,108.88
2015-01-02 15:15:31,108.89,108.9
2015-01-02 15:15:32,108.91,108.92
2015-01-02 15:15:33,108.91,108.93
2015-01-02 15:15:34,108.93,108.94
2015-01-02 15:15:35,108.93,108.94
2015-01-02 15:15:36,108.93,108.94
2015-01-02 15:15:37,108.93,108.94
2015-01-02 15:15:38,108.94,108.95
2015-01-02 15:15:39,108.94,108.95
2015-01-02 15:15:40,108.94,108.95
2015-01-02 15:15:41,108.93,108.94
2015-01-02 15:15:42,108.93,108.94
2015-01-02 15:15:43,108.93,108.95
2015-01-02 15:15:44,108.94,108.95
2015-01-02 15:15:45,108.94,108.95
2015-01-02 15:15:46,108.94,108.95
2015-01-02 15:15:47,108.94,108.95
2015-01-02 15:15:48,108.94,108.95
2015-01-02 15:15:49,108.94,108.95
2015-01-02 15:15:50,108.94,108.95
2015-01-02 15:15:51,108.94,108.95
2015-01-02 15:15:52,108.94,108.95
2015-01-02 15:15:53,108.94,108.95
2015-01-02 15:15:54,108.94,108.95
2015-01-02 15:15:55,108.94,108.95
2015-01-02 15:15:56,108.94,108.95
2015-01-02 15:15:57,108.96,108.97
2015-01-02 15:15:58,108.96,108.97
2015-01-02 15:15:59,108.96,108.97
2015-01-02 15:16:00,108.96,108.97
2015-01-02 15:16:01,108.95,108.96
2015-01-02 15:16:02,108.95,108.97
2015-01-02 15:16:03,108.94,108.96
2015-01-02 15:16:04,108.94,108.96
2015-01-02 15:16:05,108.94,108.96
2015-01-02 15:16:06,108.95,108.96
2015-01-02 15:16:07,108.95,108.96
2015-01-02 15:16:08,108.96,108.96
2015-01-02 15:16:09,108.96,108.97
2015-01-02 15:16:10,108.96,108.97
2015-01-02 15:16:11,108.96,108.97
2015-01-02 15:16:12,108.93,108.94
2015-01-02 15:16:13,108.93,108.94
2015-01-02 15:16:14,108.95,108.96
2015-01-02 15:16:15,108.94,108.95
2015-01-02 15:16:16,108.95,108.96
2015-01-02 15:16:17,108.95,108.96
2015-01-02 15:16:18,108.94,108.95
2015-01-02 15:16:19,108.94,108.95
2015-01-02 15:16:20,108.92,108.93
2015-01-02 15:16:21,108.93,108.94
2015-01-02 15:16:22,108.93,108.94
2015-01-02 15:16:23,108.94,108.95
2015-01-02 15:16:24,108.94,108.95
2015-01-02 15:16:25,108.94,108.95
2015-01-02 15:16:26,108.94,108.95
2015-01-02 15:16:27,108.94,108.95
2015-01-02 15:16:28,108.94,108.95
2015-01-02 15:16:29,108.94,108.95
2015-01-02 15:16:30,108.94,108.95
2015-01-02 15:16:31,108.94,108.95
2015-01-02 15:16:32,108.93,108.94
2015-01-02 15:16:33,108.92,108.93
2015-01-02 15:16:34,108.94,108.95
2015-01-02 15:16:35,108.94,108.95
2015-01-02 15:16:36,108.94,108.95
2015-01-02 15:16:37,108.94,108.95
2015-01-02 15:16:38,108.94,108.95
2015-01-02 15:16:39,108.94,108.95
2015-01-02 15:16:40,108.93,108.94
2015-01-02 15:16:41,108.92,108.93
2015-01-02 15:16:42,108.93,108.94
2015-01-02 15:16:43,108.93,108.94
2015-01-02 15:16:44,108.93,108.94
2015-01-02 15:16:45,108.93,108.94
2015-01-02 15:16:46,108.93,108.94
2015-01-02 15:16:47,108.92,108.93
2015-01-02 15:16:48,108.92,108.93
2015-01-02 15:16:49,108.93,108.94
2015-01-02 15:16:50,108.93,108.94
2015-01-02 15:16:51,108.92,108.93
2015-01-02 15:16:52,108.92,108.93
2015-01-02 15:16:53,108.92,108.94
2015-01-02 15:16:54,108.93,108.94
2015-01-02 15:16:55,108.93,108.94
2015-01-02 15:16:56,108.94,108.95
2015-01-02 15:16:57,108.94,108.95
2015-01-02 15:16:58,108.94,108.95
2015-01-02 15:16:59,108.95,108.96
2015-01-02 15:17:00,108.94,108.95
2015-01-02 15:17:01,108.96,108.97
2015-01-02 15:17:02,108.96,108.97
2015-01-02 15:17:03,108.96,108.97
2015-01-02 15:17:04,108.97,108.98
2015-01-02 15:17:05,108.97,108.98
2015-01-02 15:17:06,108.97,108.98
2015-01-02 15:17:07,108.95,108.96
2015-01-02 15:17:08,108.95,108.96
2015-01-02 15:17:09,108.95,108.96
2015-01-02 15:17:10,108.95,108.96
2015-01-02 15:17:11,108.96,108.97
2015-01-02 15:17:12,108.95,108.96
2015-01-02 15:17:13,108.96,108.98
2015-01-02 15:17:14,108.97,108.98
2015-01-02 15:17:15,108.97,108.98
2015-01-02 15:17:16,108.97,108.98
2015-01-02 15:17:17,108.97,108.98
2015-01-02 15:17:18,108.97,108.98
2015-01-02 15:17:19,108.97,108.98
2015-01-02 15:17:20,108.94,108.95
2015-01-02 15:17:21,108.94,108.95
2015-01-02 15:17:22,108.93,108.94
2015-01-02 15:17:23,108.93,108.94
2015-01-02 15:17:24,108.92,108.93
2015-01-02 15:17:25,108.93,108.94
2015-01-02 15:17:26,108.91,108.92
2015-01-02 15:17:27,108.91,108.92
2015-01-02 15:17:28,108.91,108.92
2015-01-02 15:17:29,108.91,108.92
2015-01-02 15:17:30,108.91,108.92
2015-01-02 15:17:31,108.9,108.91
2015-01-02 15:17:32,108.88,108.89
2015-01-02 15:17:33,108.87,108.88
2015-01-02 15:17:34,108.87,108.88
2015-01-02 15:17:35,108.87,108.88
2015-01-02 15:17:36,108.85,108.86
2015-01-02 15:17:37,108.85,108.86
2015-01-02 15:17:38,108.84,108.85
2015-01-02 15:17:39,108.85,108.86
2015-01-02 15:17:40,108.83,108.85
2015-01-02 15:17:41,108.86,108.87
2015-01-02 15:17:42,108.86,108.87
2015-01-02 15:17:43,108.87,108.88
2015-01-02 15:17:44,108.87,108.88
2015-01-02 15:17:45,108.87,108.88
2015-01-02 15:17:46,108.87,108.88
2015-01-02 15:17:47,108.87,108.88
2015-01-02 15:17:48,108.86,108.87
2015-01-02 15:17:49,108.86,108.87
2015-01-02 15:17:50,108.86,108.87
2015-01-02 15:17:51,108.86,108.87
2015-01-02 15:17:52,108.87,108.88
2015-01-02 15:17:53,108.88,108.89
2015-01-02 15:17:54,108.88,108.89
2015-01-02 15:17:55,108.86,108.87
2015-01-02 15:17:56,108.85,108.86
2015-01-02 15:17:57,108.85,108.86
2015-01-02 15:17:58,108.84,108.85
2015-01-02 15:17:59,108.84,108.85
2015-01-02 15:18:00,108.84,108.85
2015-01-02 15:18:01,108.86,108.87
2015-01-02 15:18:02,108.84,108.86
2015-01-02 15:18:03,108.86,108.87
2015-01-02 15:18:04,108.86,108.87
2015-01-02 15:18:05,108.84,108.85
2015-01-02 15:18:06,108.84,108.85
2015-01-02 15:18:07,108.84,108.85
2015-01-02 15:18:08,108.86,108.87
2015-01-02 15:18:09,108.85,108.87
2015-01-02 15:18:10,108.86,108.87
2015-01-02 15:18:11,108.86,108.87
2015-01-02 15:18:12,108.87,108.88
2015-01-02 15:18:13,108.87,108.88
2015-01-02 15:18:14,108.87,108.88
2015-01-02 15:18:15,108.87,108.88
2015-01-02 15:18:16,108.87,108.88
2015-01-02 15:18:17,108.88,108.89
2015-01-02 15:18:18,108.88,108.89
2015-01-02 15:18:19,108.88,108.89
2015-01-02 15:18:20,108.88,108.89
2015-01-02 15:18:21,108.88,108.89
2015-01-02 15:18:22,108.87,108.88
2015-01-02 15:18:23,108.87,108.88
2015-01-02 15:18:24,108.87,108.88
2015-01-02 15:18:25,108.87,108.88
2015-01-02 15:18:26,108.88,108.89
2015-01-02 15:18:27,108.89,108.9
2015-01-02 15:18:28,108.89,108.9
2015-01-02 15:18:29,108.89,108.9
2015-01-02 15:18:30,108.89,108.9
2015-01-02 15:18:31,108.89,108.9
2015-01-02 15:18:32,108.91,108.92
2015-01-02 15:18:33,108.91,108.92
2015-01-02 15:18:34,108.91,108.92
2015-01-02 15:18:35,108.91,108.92
2015-01-02 15:18:36,108.91,108.92
2015-01-02 15:18:37,108.91,108.92
2015-01-02 15:18:38,108.91,108.92
2015-01-02 15:18:39,108.91,108.92
2015-01-02 15:18:40,108.93,108.94
2015-01-02 15:18:41,108.93,108.94
2015-01-02 15:18:42,108.94,108.95
2015-01-02 15:18:43,108.94,108.95
2015-01-02 15:18:44,108.94,108.95
2015-01-02 15:18:45,108.94,108.95
2015-01-02 15:18:46,108.93,108.94
2015-01-02 15:18:47,108.93,108.94
2015-01-02 15:18:48,108.93,108.94
2015-01-02 15:18:49,108.94,108.95
2015-01-02 15:18:50,108.94,108.95
2015-01-02 15:18:51,108.94,108.95
2015-01-02 15:18:52,108.94,108.95
2015-01-02 15:18:53,108.94,108.95
2015-01-02 15:18:54,108.94,108.95
2015-01-02 15:18:55,108.94,108.95
2015-01-02 15:18:56,108.94,108.94
2015-01-02 15:18:57,108.91,108.92
2015-01-02 15:18:58,108.92,108.93
2015-01-02 15:18:59,108.92,108.93
2015-01-02 15:19:00,108.92,108.93
2015-01-02 15:19:01,108.9,108.91
2015-01-02 15:19:02,108.89,108.9
2015-01-02 15:19:03,108.89,108.9
2015-01-02 15:19:04,108.88,108.9
2015-01-02 15:19:05,108.88,108.9
2015-01-02 15:19:06,108.89,108.9
2015-01-02 15:19:07,108.88,108.89
2015-01-02 15:19:08,108.88,108.89
2015-01-02 15:19:09,108.88,108.89
2015-01-02 15:19:10,108.89,108.9
2015-01-02 15:19:11,108.89,108.9
2015-01-02 15:19:12,108.89,108.9
2015-01-02 15:19:13,108.88,108.89
2015-01-02 15:19:14,108.87,108.88
2015-01-02 15:19:15,108.86,108.87
2015-01-02 15:19:16,108.86,108.87
2015-01-02 15:19:17,108.87,108.88
2015-01-02 15:19:18,108.86,108.87
2015-01-02 15:19:19,108.86,108.87
2015-01-02 15:19:20,108.86,108.87
2015-01-02 15:19:21,108.86,108.87
2015-01-02 15:19:22,108.86,108.87
2015-01-02 15:19:23,108.86,108.87
2015-01-02 15:19:24,108.86,108.87
2015-01-02 15:19:25,108.88,108.89
2015-01-02 15:19:26,108.91,108.92
2015-01-02 15:19:27,108.92,108.93
2015-01-02 15:19:28,108.91,108.92
2015-01-02 15:19:29,108.91,108.92
2015-01-02 15:19:30,108.91,108.92
2015-01-02 15:19:31,108.91,108.92
2015-01-02 15:19:32,108.9,108.91
2015-01-02 15:19:33,108.9,108.91
2015-01-02 15:19:34,108.9,108.91
2015-01-02 15:19:35,108.9,108.91
2015-01-02 15:19:36,108.91,108.92
2015-01-02 15:19:37,108.91,108.92
2015-01-02 15:19:38,108.91,108.92
2015-01-02 15:19:39,108.91,108.92
2015-01-02 15:19:40,108.91,108.92
2015-01-02 15:19:41,108.91,108.92
2015-01-02 15:19:42,108.91,108.92
2015-01-02 15:19:43,108.92,108.93
2015-01-02 15:19:44,108.92,108.93
2015-01-02 15:19:45,108.93,108.94
2015-01-02 15:19:46,108.93,108.94
2015-01-02 15:19:47,108.93,108.94
2015-01-02 15:19:48,108.93,108.94
2015-01-02 15:19:49,108.93,108.94
2015-01-02 15:19:50,108.92,108.93
2015-01-02 15:19:51,108.92,108.94
2015-01-02 15:19:52,108.9,108.91
2015-01-02 15:19:53,108.9,108.91
2015-01-02 15:19:54,108.92,108.94
2015-01-02 15:19:55,108.92,108.94
2015-01-02 15:19:56,108.92,108.93
2015-01-02 15:19:57,108.93,108.95
2015-01-02 15:19:58,108.93,108.95
2015-01-02 15:19:59,108.93,108.95
2015-01-02 15:20:00,108.93,108.95
2015-01-02 15:20:01,108.93,108.94
2015-01-02 15:20:02,108.92,108.93
2015-01-02 15:20:03,108.93,108.93
2015-01-02 15:20:04,108.92,108.93
2015-01-02 15:20:05,108.92,108.93
2015-01-02 15:20:06,108.92,108.93
2015-01-02 15:20:07,108.94,108.96
2015-01-02 15:20:08,108.94,108.96
2015-01-02 15:20:09,108.93,108.94
2015-01-02 15:20:10,108.93,108.94
2015-01-02 15:20:11,108.92,108.93
2015-01-02 15:20:12,108.92,108.93
2015-01-02 15:20:13,108.92,108.93
2015-01-02 15:20:14,108.92,108.93
2015-01-02 15:20:15,108.93,108.94
2015-01-02 15:20:16,108.94,108.95
2015-01-02 15:20:17,108.94,108.95
2015-01-02 15:20:18,108.94,108.95
2015-01-02 15:20:19,108.94,108.95
2015-01-02 15:20:20,108.94,108.95
2015-01-02 15:20:21,108.93,108.94
2015-01-02 15:20:22,108.93,108.94
2015-01-02 15:20:23,108.92,108.93
2015-01-02 15:20:24,108.92,108.93
2015-01-02 15:20:25,108.92,108.93
2015-01-02 15:20:26,108.93,108.94
2015-01-02 15:20:27,108.95,108.96
2015-01-02 15:20:28,108.96,108.97
2015-01-02 15:20:29,108.95,108.96
2015-01-02 15:20:30,108.94,108.95
2015-01-02 15:20:31,108.94,108.95
2015-01-02 15:20:32,108.94,108.95
2015-01-02 15:20:33,108.93,108.94
2015-01-02 15:20:34,108.93,108.94
2015-01-02 15:20:35,108.94,108.95
2015-01-02 15:20:36,108.94,108.95
2015-01-02 15:20:37,108.84,108.85
2015-01-02 15:20:38,108.85,108.86
2015-01-02 15:20:39,108.86,108.87
2015-01-02 15:20:40,108.86,108.87
2015-01-02 15:20:41,108.89,108.9
2015-01-02 15:20:42,108.89,108.9
2015-01-02 15:20:43,108.92,108.93
2015-01-02 15:20:44,108.91,108.92
2015-01-02 15:20:45,108.92,108.93
2015-01-02 15:20:46,108.93,108.94
2015-01-02 15:20:47,108.94,108.95
2015-01-02 15:20:48,108.94,108.96
2015-01-02 15:20:49,108.94,108.96
2015-01-02 15:20:50,108.97,108.98
2015-01-02 15:20:51,108.96,108.97
2015-01-02 15:20:52,108.96,108.97
2015-01-02 15:20:53,108.96,108.97
2015-01-02 15:20:54,108.96,108.97
2015-01-02 15:20:55,108.94,108.95
2015-01-02 15:20:56,108.94,108.95
2015-01-02 15:20:57,108.94,108.95
2015-01-02 15:20:58,108.94,108.95
2015-01-02 15:20:59,108.94,108.95
2015-01-02 15:21:00,108.94,108.95
2015-01-02 15:21:01,108.94,108.95
2015-01-02 15:21:02,108.94,108.95
2015-01-02 15:21:03,108.94,108.95
2015-01-02 15:21:04,108.94,108.95
2015-01-02 15:21:05,108.94,108.95
2015-01-02 15:21:06,108.94,108.95
2015-01-02 15:21:07,108.94,108.95
2015-01-02 15:21:08,108.94,108.95
2015-01-02 15:21:09,108.94,108.95
2015-01-02 15:21:10,108.93,108.94
2015-01-02 15:21:11,108.92,108.94
2015-01-02 15:21:12,108.93,108.94
2015-01-02 15:21:13,108.93,108.94
2015-01-02 15:21:14,108.93,108.94
2015-01-02 15:21:15,108.93,108.94
2015-01-02 15:21:16,108.93,108.94
2015-01-02 15:21:17,108.95,108.96
2015-01-02 15:21:18,108.94,108.95
2015-01-02 15:21:19,108.94,108.95
2015-01-02 15:21:20,108.94,108.95
2015-01-02 15:21:21,108.94,108.95
2015-01-02 15:21:22,108.94,108.95
2015-01-02 15:21:23,108.94,108.95
2015-01-02 15:21:24,108.94,108.95
2015-01-02 15:21:25,108.95,108.96
2015-01-02 15:21:26,108.95,108.96
2015-01-02 15:21:27,108.95,108.96
2015-01-02 15:21:28,108.95,108.96
2015-01-02 15:21:29,108.95,108.96
2015-01-02 15:21:30,108.95,108.96
2015-01-02 15:21:31,108.95,108.96
2015-01-02 15:21:32,108.95,108.96
2015-01-02 15:21:33,108.94,108.95
2015-01-02 15:21:34,108.93,108.94
2015-01-02 15:21:35,108.93,108.94
2015-01-02 15:21:36,108.93,108.94
2015-01-02 15:21:37,108.93,108.94
2015-01-02 15:21:38,108.93,108.94
2015-01-02 15:21:39,108.92,108.93
2015-01-02 15:21:40,108.92,108.93
2015-01-02 15:21:41,108.92,108.93
2015-01-02 15:21:42,108.92,108.93
2015-01-02 15:21:43,108.93,108.94
2015-01-02 15:21:44,108.93,108.94
2015-01-02 15:21:45,108.93,108.94
2015-01-02 15:21:46,108.93,108.94
2015-01-02 15:21:47,108.93,108.94
2015-01-02 15:21:48,108.93,108.94
2015-01-02 15:21:49,108.93,108.94
2015-01-02 15:21:50,108.92,108.93
2015-01-02 15:21:51,108.92,108.93
2015-01-02 15:21:52,108.92,108.93
2015-01-02 15:21:53,108.92,108.93
2015-01-02 15:21:54,108.92,108.93
2015-01-02 15:21:55,108.92,108.93
2015-01-02 15:21:56,108.92,108.93
2015-01-02 15:21:57,108.92,108.93
2015-01-02 15:21:58,108.92,108.93
2015-01-02 15:21:59,108.92,108.93
2015-01-02 15:22:00,108.9,108.91
2015-01-02 15:22:01,108.9,108.91
2015-01-02 15:22:02,108.9,108.91
2015-01-02 15:22:03,108.9,108.91
2015-01-02 15:22:04,108.91,108.93
2015-01-02 15:22:05,108.92,108.93
2015-01-02 15:22:06,108.92,108.93
2015-01-02 15:22:07,108.92,108.93
2015-01-02 15:22:08,108.92,108.93
2015-01-02 15:22:09,108.92,108.93
2015-01-02 15:22:10,108.91,108.92
2015-01-02 15:22:11,108.91,108.92
2015-01-02 15:22:12,108.91,108.92
2015-01-02 15:22:13,108.91,108.92
2015-01-02 15:22:14,108.91,108.92
2015-01-02 15:22:15,108.9,108.91
2015-01-02 15:22:16,108.9,108.91
2015-01-02 15:22:17,108.9,108.91
2015-01-02 15:22:18,108.9,108.91
2015-01-02 15:22:19,108.9,108.91
2015-01-02 15:22:20,108.9,108.91
2015-01-02 15:22:21,108.91,108.92
2015-01-02 15:22:22,108.91,108.92
2015-01-02 15:22:23,108.91,108.92
2015-01-02 15:22:24,108.91,108.92
2015-01-02 15:22:25,108.91,108.92
2015-01-02 15:22:26,108.91,108.92
2015-01-02 15:22:27,108.91,108.92
2015-01-02 15:22:28,108.91,108.92
2015-01-02 15:22:29,108.91,108.92
2015-01-02 15:22:30,108.91,108.92
2015-01-02 15:22:31,108.91,108.92
2015-01-02 15:22:32,108.91,108.92
2015-01-02 15:22:33,108.92,108.93
2015-01-02 15:22:34,108.92,108.93
2015-01-02 15:22:35,108.92,108.93
2015-01-02 15:22:36,108.91,108.92
2015-01-02 15:22:37,108.91,108.92
2015-01-02 15:22:38,108.91,108.92
2015-01-02 15:22:39,108.92,108.93
2015-01-02 15:22:40,108.92,108.93
2015-01-02 15:22:41,108.92,108.93
2015-01-02 15:22:42,108.92,108.93
2015-01-02 15:22:43,108.92,108.93
2015-01-02 15:22:44,108.92,108.93
2015-01-02 15:22:45,108.92,108.93
2015-01-02 15:22:46,108.91,108.92
2015-01-02 15:22:47,108.91,108.92
2015-01-02 15:22:48,108.91,108.92
2015-01-02 15:22:49,108.91,108.92
2015-01-02 15:22:50,108.91,108.92
2015-01-02 15:22:51,108.91,108.92
2015-01-02 15:22:52,108.91,108.92
2015-01-02 15:22:53,108.91,108.92
2015-01-02 15:22:54,108.9,108.92
2015-01-02 15:22:55,108.91,108.92
2015-01-02 15:22:56,108.91,108.92
2015-01-02 15:22:57,108.91,108.92
2015-01-02 15:22:58,108.91,108.92
2015-01-02 15:22:59,108.91,108.92
2015-01-02 15:23:00,108.91,108.92
2015-01-02 15:23:01,108.91,108.92
2015-01-02 15:23:02,108.91,108.92
2015-01-02 15:23:03,108.91,108.92
2015-01-02 15:23:04,108.91,108.92
2015-01-02 15:23:05,108.91,108.92
2015-01-02 15:23:06,108.93,108.95
2015-01-02 15:23:07,108.94,108.95
2015-01-02 15:23:08,108.94,108.95
2015-01-02 15:23:09,108.93,108.94
2015-01-02 15:23:10,108.93,108.94
2015-01-02 15:23:11,108.94,108.95
2015-01-02 15:23:12,108.93,108.94
2015-01-02 15:23:13,108.93,108.95
2015-01-02 15:23:14,108.93,108.94
2015-01-02 15:23:15,108.93,108.94
2015-01-02 15:23:16,108.93,108.94
2015-01-02 15:23:17,108.93,108.94
2015-01-02 15:23:18,108.93,108.94
2015-01-02 15:23:19,108.93,108.94
2015-01-02 15:23:20,108.93,108.94
2015-01-02 15:23:21,108.93,108.94
2015-01-02 15:23:22,108.92,108.93
2015-01-02 15:23:23,108.93,108.94
2015-01-02 15:23:24,108.95,108.96
2015-01-02 15:23:25,108.94,108.95
2015-01-02 15:23:26,108.94,108.95
2015-01-02 15:23:27,108.93,108.95
2015-01-02 15:23:28,108.93,108.95
2015-01-02 15:23:29,108.93,108.95
2015-01-02 15:23:30,108.94,108.95
2015-01-02 15:23:31,108.96,108.97
2015-01-02 15:23:32,108.96,108.97
2015-01-02 15:23:33,108.97,108.98
2015-01-02 15:23:34,108.96,108.97
2015-01-02 15:23:35,108.96,108.97
2015-01-02 15:23:36,108.96,108.97
2015-01-02 15:23:37,108.96,108.97
2015-01-02 15:23:38,108.96,108.97
2015-01-02 15:23:39,108.96,108.97
2015-01-02 15:23:40,108.96,108.97
2015-01-02 15:23:41,108.97,108.98
2015-01-02 15:23:42,108.98,108.99
2015-01-02 15:23:43,108.98,108.99
2015-01-02 15:23:44,108.97,108.98
2015-01-02 15:23:45,108.96,108.97
2015-01-02 15:23:46,108.96,108.97
2015-01-02 15:23:47,108.97,108.98
2015-01-02 15:23:48,108.97,108.98
2015-01-02 15:23:49,108.97,108.98
2015-01-02 15:23:50,108.97,108.98
2015-01-02 15:23:51,108.97,108.98
2015-01-02 15:23:52,108.96,108.97
2015-01-02 15:23:53,108.96,108.97
2015-01-02 15:23:54,108.95,108.96
2015-01-02 15:23:55,108.95,108.96
2015-01-02 15:23:56,108.95,108.96
2015-01-02 15:23:57,108.95,108.96
2015-01-02 15:23:58,108.95,108.96
2015-01-02 15:23:59,108.95,108.96
2015-01-02 15:24:00,108.94,108.95
2015-01-02 15:24:01,108.93,108.94
2015-01-02 15:24:02,108.94,108.95
2015-01-02 15:24:03,108.94,108.95
2015-01-02 15:24:04,108.94,108.96
2015-01-02 15:24:05,108.94,108.96
2015-01-02 15:24:06,108.93,108.95
2015-01-02 15:24:07,108.93,108.94
2015-01-02 15:24:08,108.93,108.94
2015-01-02 15:24:09,108.94,108.96
2015-01-02 15:24:10,108.94,108.95
2015-01-02 15:24:11,108.95,108.96
2015-01-02 15:24:12,108.95,108.96
2015-01-02 15:24:13,108.94,108.96
2015-01-02 15:24:14,108.95,108.96
2015-01-02 15:24:15,108.96,108.97
2015-01-02 15:24:16,108.96,108.97
2015-01-02 15:24:17,108.96,108.97
2015-01-02 15:24:18,108.95,108.96
2015-01-02 15:24:19,108.95,108.96
2015-01-02 15:24:20,108.95,108.96
2015-01-02 15:24:21,108.95,108.96
2015-01-02 15:24:22,108.96,108.97
2015-01-02 15:24:23,108.97,108.98
2015-01-02 15:24:24,108.98,108.99
2015-01-02 15:24:25,108.97,108.98
2015-01-02 15:24:26,108.97,108.98
2015-01-02 15:24:27,108.97,108.99
2015-01-02 15:24:28,108.97,108.99
2015-01-02 15:24:29,108.97,108.99
2015-01-02 15:24:30,108.98,108.99
2015-01-02 15:24:31,108.98,108.99
2015-01-02 15:24:32,108.98,108.99
2015-01-02 15:24:33,108.98,108.99
2015-01-02 15:24:34,108.97,108.98
2015-01-02 15:24:35,108.97,108.98
2015-01-02 15:24:36,108.96,108.98
2015-01-02 15:24:37,108.96,108.97
2015-01-02 15:24:38,108.97,108.98
2015-01-02 15:24:39,108.97,108.98
2015-01-02 15:24:40,108.97,108.98
2015-01-02 15:24:41,108.97,108.98
2015-01-02 15:24:42,108.97,108.98
2015-01-02 15:24:43,108.97,108.98
2015-01-02 15:24:44,108.98,108.99
2015-01-02 15:24:45,108.98,108.99
2015-01-02 15:24:46,108.98,108.99
2015-01-02 15:24:47,108.99,109.0
2015-01-02 15:24:48,108.99,109.0
2015-01-02 15:24:49,109.01,109.02
2015-01-02 15:24:50,109.01,109.02
2015-01-02 15:24:51,109.0,109.01
2015-01-02 15:24:52,108.99,109.0
2015-01-02 15:24:53,108.98,108.99
2015-01-02 15:24:54,108.98,109.0
2015-01-02 15:24:55,108.98,108.99
2015-01-02 15:24:56,108.98,108.99
2015-01-02 15:24:57,108.98,108.99
2015-01-02 15:24:58,108.97,108.99
2015-01-02 15:24:59,108.97,108.99
2015-01-02 15:25:00,108.97,108.99
2015-01-02 15:25:01,108.99,109.0
2015-01-02 15:25:02,108.99,109.0
2015-01-02 15:25:03,109.0,109.01
2015-01-02 15:25:04,109.0,109.01
2015-01-02 15:25:05,108.99,109.0
2015-01-02 15:25:06,108.99,109.0
2015-01-02 15:25:07,109.0,109.01
2015-01-02 15:25:08,109.0,109.01
2015-01-02 15:25:09,109.0,109.01
2015-01-02 15:25:10,109.0,109.01
2015-01-02 15:25:11,108.99,109.0
2015-01-02 15:25:12,108.99,109.0
2015-01-02 15:25:13,108.99,109.0
2015-01-02 15:25:14,108.99,109.0
2015-01-02 15:25:15,108.99,109.0
2015-01-02 15:25:16,108.98,108.99
2015-01-02 15:25:17,108.97,108.98
2015-01-02 15:25:18,108.97,108.98
2015-01-02 15:25:19,108.97,108.98
2015-01-02 15:25:20,108.97,108.98
2015-01-02 15:25:21,108.97,108.98
2015-01-02 15:25:22,108.97,108.98
2015-01-02 15:25:23,108.97,108.98
2015-01-02 15:25:24,108.97,108.98
2015-01-02 15:25:25,108.97,108.98
2015-01-02 15:25:26,108.97,108.98
2015-01-02 15:25:27,108.97,108.98
2015-01-02 15:25:28,108.97,108.98
2015-01-02 15:25:29,108.97,108.98
2015-01-02 15:25:30,108.97,108.98
2015-01-02 15:25:31,108.98,108.98
2015-01-02 15:25:32,108.97,108.98
2015-01-02 15:25:33,109.0,109.01
2015-01-02 15:25:34,109.0,109.01
2015-01-02 15:25:35,109.0,109.01
2015-01-02 15:25:36,109.0,109.01
2015-01-02 15:25:37,109.0,109.01
2015-01-02 15:25:38,109.02,109.03
2015-01-02 15:25:39,109.02,109.03
2015-01-02 15:25:40,109.02,109.03
2015-01-02 15:25:41,109.03,109.03
2015-01-02 15:25:42,109.03,109.04
2015-01-02 15:25:43,109.02,109.03
2015-01-02 15:25:44,109.02,109.03
2015-01-02 15:25:45,109.02,109.03
2015-01-02 15:25:46,109.02,109.04
2015-01-02 15:25:47,109.02,109.04
2015-01-02 15:25:48,109.02,109.03
2015-01-02 15:25:49,109.02,109.03
2015-01-02 15:25:50,109.03,109.04
2015-01-02 15:25:51,109.03,109.04
2015-01-02 15:25:52,109.03,109.04
2015-01-02 15:25:53,109.03,109.04
2015-01-02 15:25:54,109.03,109.04
2015-01-02 15:25:55,109.04,109.05
2015-01-02 15:25:56,109.04,109.05
2015-01-02 15:25:57,109.05,109.06
2015-01-02 15:25:58,109.05,109.06
2015-01-02 15:25:59,109.05,109.06
2015-01-02 15:26:00,109.04,109.05
2015-01-02 15:26:01,109.03,109.04
2015-01-02 15:26:02,109.03,109.04
2015-01-02 15:26:03,109.03,109.04
2015-01-02 15:26:04,109.03,109.04
2015-01-02 15:26:05,109.03,109.04
2015-01-02 15:26:06,109.03,109.04
2015-01-02 15:26:07,109.03,109.04
2015-01-02 15:26:08,109.03,109.04
2015-01-02 15:26:09,109.03,109.04
2015-01-02 15:26:10,109.03,109.04
2015-01-02 15:26:11,109.02,109.03
2015-01-02 15:26:12,109.02,109.03
2015-01-02 15:26:13,109.0,109.01
2015-01-02 15:26:14,108.99,109.0
2015-01-02 15:26:15,108.99,109.0
2015-01-02 15:26:16,108.98,108.99
2015-01-02 15:26:17,108.97,108.98
2015-01-02 15:26:18,108.97,108.98
2015-01-02 15:26:19,108.96,108.97
2015-01-02 15:26:20,108.96,108.97
2015-01-02 15:26:21,108.96,108.97
2015-01-02 15:26:22,108.96,108.97
2015-01-02 15:26:23,108.95,108.96
2015-01-02 15:26:24,108.97,108.98
2015-01-02 15:26:25,108.97,108.98
2015-01-02 15:26:26,108.97,108.98
2015-01-02 15:26:27,108.97,108.98
2015-01-02 15:26:28,108.97,108.98
2015-01-02 15:26:29,108.98,108.99
2015-01-02 15:26:30,108.97,108.98
2015-01-02 15:26:31,108.98,108.99
2015-01-02 15:26:32,108.98,108.99
2015-01-02 15:26:33,108.98,108.99
2015-01-02 15:26:34,108.97,108.98
2015-01-02 15:26:35,108.97,108.98
2015-01-02 15:26:36,108.96,108.97
2015-01-02 15:26:37,108.96,108.97
2015-01-02 15:26:38,108.95,108.96
2015-01-02 15:26:39,108.95,108.96
2015-01-02 15:26:40,108.95,108.96
2015-01-02 15:26:41,108.97,108.98
2015-01-02 15:26:42,108.98,108.99
2015-01-02 15:26:43,108.98,108.99
2015-01-02 15:26:44,108.98,108.99
2015-01-02 15:26:45,108.98,108.99
2015-01-02 15:26:46,108.98,108.99
2015-01-02 15:26:47,108.98,109.0
2015-01-02 15:26:48,108.98,108.99
2015-01-02 15:26:49,108.98,108.99
2015-01-02 15:26:50,108.98,108.99
2015-01-02 15:26:51,108.97,108.98
2015-01-02 15:26:52,108.97,108.98
2015-01-02 15:26:53,108.98,108.99
2015-01-02 15:26:54,108.98,108.99
2015-01-02 15:26:55,108.98,108.99
2015-01-02 15:26:56,108.99,109.0
2015-01-02 15:26:57,108.99,109.0
2015-01-02 15:26:58,108.99,109.0
2015-01-02 15:26:59,108.99,109.0
2015-01-02 15:27:00,108.99,109.0
2015-01-02 15:27:01,108.99,109.0
2015-01-02 15:27:02,108.99,109.0
2015-01-02 15:27:03,108.99,109.0
2015-01-02 15:27:04,108.99,109.0
2015-01-02 15:27:05,108.99,109.0
2015-01-02 15:27:06,108.99,109.0
2015-01-02 15:27:07,108.99,109.0
2015-01-02 15:27:08,108.99,109.0
2015-01-02 15:27:09,108.99,109.0
2015-01-02 15:27:10,108.99,109.0
2015-01-02 15:27:11,108.99,109.0
2015-01-02 15:27:12,108.99,109.0
2015-01-02 15:27:13,108.99,109.0
2015-01-02 15:27:14,108.99,109.0
2015-01-02 15:27:15,108.99,109.0
2015-01-02 15:27:16,108.99,109.0
2015-01-02 15:27:17,108.99,109.0
2015-01-02 15:27:18,108.99,109.0
2015-01-02 15:27:19,108.99,109.0
2015-01-02 15:27:20,108.99,109.0
2015-01-02 15:27:21,108.99,109.0
2015-01-02 15:27:22,109.0,109.01
2015-01-02 15:27:23,108.99,109.0
2015-01-02 15:27:24,108.99,109.0
2015-01-02 15:27:25,108.99,109.0
2015-01-02 15:27:26,108.99,109.0
2015-01-02 15:27:27,108.99,109.0
2015-01-02 15:27:28,108.99,109.0
2015-01-02 15:27:29,108.99,109.0
2015-01-02 15:27:30,108.99,109.0
2015-01-02 15:27:31,108.99,109.0
2015-01-02 15:27:32,108.99,109.0
2015-01-02 15:27:33,108.99,109.0
2015-01-02 15:27:34,108.99,109.0
2015-01-02 15:27:35,108.99,109.0
2015-01-02 15:27:36,108.99,109.0
2015-01-02 15:27:37,108.99,109.0
2015-01-02 15:27:38,108.99,109.0
2015-01-02 15:27:39,108.99,109.0
2015-01-02 15:27:40,108.99,109.0
2015-01-02 15:27:41,108.99,109.0
2015-01-02 15:27:42,108.99,109.0
2015-01-02 15:27:43,108.99,109.0
2015-01-02 15:27:44,109.02,109.03
2015-01-02 15:27:45,109.03,109.04
2015-01-02 15:27:46,109.03,109.04
2015-01-02 15:27:47,109.04,109.05
2015-01-02 15:27:48,109.03,109.04
2015-01-02 15:27:49,109.03,109.04
2015-01-02 15:27:50,109.03,109.04
2015-01-02 15:27:51,109.03,109.04
2015-01-02 15:27:52,109.03,109.04
2015-01-02 15:27:53,109.03,109.04
2015-01-02 15:27:54,109.02,109.03
2015-01-02 15:27:55,109.02,109.03
2015-01-02 15:27:56,109.02,109.03
2015-01-02 15:27:57,109.02,109.03
2015-01-02 15:27:58,109.02,109.03
2015-01-02 15:27:59,109.02,109.03
2015-01-02 15:28:00,109.0,109.01
2015-01-02 15:28:01,109.0,109.01
2015-01-02 15:28:02,109.0,109.01
2015-01-02 15:28:03,108.99,109.01
2015-01-02 15:28:04,108.99,109.01
2015-01-02 15:28:05,108.99,109.01
2015-01-02 15:28:06,108.99,109.0
2015-01-02 15:28:07,108.99,109.0
2015-01-02 15:28:08,108.99,109.0
2015-01-02 15:28:09,109.0,109.01
2015-01-02 15:28:10,109.01,109.02
2015-01-02 15:28:11,109.01,109.02
2015-01-02 15:28:12,109.01,109.02
2015-01-02 15:28:13,109.0,109.01
2015-01-02 15:28:14,109.0,109.01
2015-01-02 15:28:15,109.0,109.01
2015-01-02 15:28:16,108.99,109.0
2015-01-02 15:28:17,108.99,109.0
2015-01-02 15:28:18,108.99,109.0
2015-01-02 15:28:19,108.99,109.0
2015-01-02 15:28:20,108.99,109.0
2015-01-02 15:28:21,108.99,109.0
2015-01-02 15:28:22,108.99,109.0
2015-01-02 15:28:23,108.99,109.0
2015-01-02 15:28:24,108.99,109.0
2015-01-02 15:28:25,108.99,109.0
2015-01-02 15:28:26,108.99,109.0
2015-01-02 15:28:27,108.97,108.98
2015-01-02 15:28:28,108.97,108.98
2015-01-02 15:28:29,108.97,108.98
2015-01-02 15:28:30,108.98,108.99
2015-01-02 15:28:31,108.98,108.99
2015-01-02 15:28:32,108.98,108.99
2015-01-02 15:28:33,108.98,108.99
2015-01-02 15:28:34,108.97,108.98
2015-01-02 15:28:35,108.97,108.98
2015-01-02 15:28:36,108.97,108.98
2015-01-02 15:28:37,108.97,108.98
2015-01-02 15:28:38,108.97,108.98
2015-01-02 15:28:39,108.97,108.98
2015-01-02 15:28:40,108.97,108.98
2015-01-02 15:28:41,108.97,108.98
2015-01-02 15:28:42,108.97,108.98
2015-01-02 15:28:43,108.98,108.99
2015-01-02 15:28:44,108.98,108.99
2015-01-02 15:28:45,108.98,108.99
2015-01-02 15:28:46,108.98,108.99
2015-01-02 15:28:47,108.98,108.99
2015-01-02 15:28:48,108.98,108.99
2015-01-02 15:28:49,108.99,109.0
2015-01-02 15:28:50,108.99,109.0
2015-01-02 15:28:51,108.99,109.0
2015-01-02 15:28:52,108.97,108.98
2015-01-02 15:28:53,108.96,108.97
2015-01-02 15:28:54,108.96,108.97
2015-01-02 15:28:55,108.96,108.97
2015-01-02 15:28:56,108.96,108.97
2015-01-02 15:28:57,108.96,108.97
2015-01-02 15:28:58,108.96,108.97
2015-01-02 15:28:59,108.96,108.97
2015-01-02 15:29:00,108.95,108.96
2015-01-02 15:29:01,108.95,108.96
2015-01-02 15:29:02,108.95,108.96
2015-01-02 15:29:03,108.95,108.96
2015-01-02 15:29:04,108.95,108.96
2015-01-02 15:29:05,108.95,108.96
2015-01-02 15:29:06,108.95,108.96
2015-01-02 15:29:07,108.95,108.96
2015-01-02 15:29:08,108.95,108.96
2015-01-02 15:29:09,108.95,108.96
2015-01-02 15:29:10,108.94,108.95
2015-01-02 15:29:11,108.94,108.95
2015-01-02 15:29:12,108.94,108.95
2015-01-02 15:29:13,108.94,108.95
2015-01-02 15:29:14,108.93,108.94
2015-01-02 15:29:15,108.93,108.94
2015-01-02 15:29:16,108.93,108.94
2015-01-02 15:29:17,108.92,108.93
2015-01-02 15:29:18,108.92,108.93
2015-01-02 15:29:19,108.92,108.93
2015-01-02 15:29:20,108.92,108.93
2015-01-02 15:29:21,108.94,108.95
2015-01-02 15:29:22,108.94,108.95
2015-01-02 15:29:23,108.94,108.95
2015-01-02 15:29:24,108.94,108.95
2015-01-02 15:29:25,108.94,108.95
2015-01-02 15:29:26,108.95,108.96
2015-01-02 15:29:27,108.95,108.96
2015-01-02 15:29:28,108.95,108.96
2015-01-02 15:29:29,108.95,108.96
2015-01-02 15:29:30,108.95,108.96
2015-01-02 15:29:31,108.95,108.96
2015-01-02 15:29:32,108.95,108.96
2015-01-02 15:29:33,108.97,108.98
2015-01-02 15:29:34,108.97,108.98
2015-01-02 15:29:35,108.97,108.98
2015-01-02 15:29:36,108.97,108.98
2015-01-02 15:29:37,108.97,108.98
2015-01-02 15:29:38,108.98,108.99
2015-01-02 15:29:39,108.99,109.0
2015-01-02 15:29:40,108.99,109.0
2015-01-02 15:29:41,108.98,108.99
2015-01-02 15:29:42,108.98,108.99
2015-01-02 15:29:43,108.98,108.99
2015-01-02 15:29:44,108.98,108.99
2015-01-02 15:29:45,108.98,108.99
2015-01-02 15:29:46,108.98,108.99
2015-01-02 15:29:47,108.98,108.99
2015-01-02 15:29:48,108.98,108.99
2015-01-02 15:29:49,108.98,108.99
2015-01-02 15:29:50,108.98,108.99
2015-01-02 15:29:51,108.98,108.99
2015-01-02 15:29:52,108.97,108.98
2015-01-02 15:29:53,108.97,108.98
2015-01-02 15:29:54,108.97,108.98
2015-01-02 15:29:55,108.97,108.98
2015-01-02 15:29:56,108.97,108.98
2015-01-02 15:29:57,108.97,108.98
2015-01-02 15:29:58,108.96,108.97
2015-01-02 15:29:59,108.96,108.97
2015-01-02 15:30:00,108.96,108.97
2015-01-02 15:30:01,108.97,108.98
2015-01-02 15:30:02,108.97,108.98
2015-01-02 15:30:03,108.98,108.99
2015-01-02 15:30:04,108.98,108.99
2015-01-02 15:30:05,108.98,108.99
2015-01-02 15:30:06,108.98,108.99
2015-01-02 15:30:07,108.98,108.99
2015-01-02 15:30:08,108.98,108.99
2015-01-02 15:30:09,108.97,108.98
2015-01-02 15:30:10,108.96,108.97
2015-01-02 15:30:11,108.96,108.97
2015-01-02 15:30:12,108.96,108.97
2015-01-02 15:30:13,108.95,108.96
2015-01-02 15:30:14,108.95,108.96
2015-01-02 15:30:15,108.94,108.95
2015-01-02 15:30:16,108.94,108.95
2015-01-02 15:30:17,108.94,108.95
2015-01-02 15:30:18,108.94,108.95
2015-01-02 15:30:19,108.94,108.95
2015-01-02 15:30:20,108.94,108.95
2015-01-02 15:30:21,108.94,108.95
2015-01-02 15:30:22,108.94,108.95
2015-01-02 15:30:23,108.94,108.95
2015-01-02 15:30:24,108.95,108.96
2015-01-02 15:30:25,108.95,108.96
2015-01-02 15:30:26,108.95,108.96
2015-01-02 15:30:27,108.95,108.96
2015-01-02 15:30:28,108.95,108.96
2015-01-02 15:30:29,108.95,108.96
2015-01-02 15:30:30,108.95,108.96
2015-01-02 15:30:31,108.94,108.95
2015-01-02 15:30:32,108.94,108.95
2015-01-02 15:30:33,108.94,108.95
2015-01-02 15:30:34,108.94,108.95
2015-01-02 15:30:35,108.94,108.95
2015-01-02 15:30:36,108.93,108.94
2015-01-02 15:30:37,108.92,108.93
2015-01-02 15:30:38,108.92,108.93
2015-01-02 15:30:39,108.92,108.93
2015-01-02 15:30:40,108.92,108.93
2015-01-02 15:30:41,108.92,108.93
2015-01-02 15:30:42,108.92,108.93
2015-01-02 15:30:43,108.92,108.93
2015-01-02 15:30:44,108.92,108.93
2015-01-02 15:30:45,108.94,108.94
2015-01-02 15:30:46,108.94,108.95
2015-01-02 15:30:47,108.94,108.95
2015-01-02 15:30:48,108.94,108.95
2015-01-02 15:30:49,108.94,108.95
2015-01-02 15:30:50,108.94,108.95
2015-01-02 15:30:51,108.94,108.95
2015-01-02 15:30:52,108.94,108.95
2015-01-02 15:30:53,108.93,108.94
2015-01-02 15:30:54,108.93,108.94
2015-01-02 15:30:55,108.94,108.95
2015-01-02 15:30:56,108.94,108.95
2015-01-02 15:30:57,108.94,108.95
2015-01-02 15:30:58,108.94,108.95
2015-01-02 15:30:59,108.94,108.95
2015-01-02 15:31:00,108.94,108.95
2015-01-02 15:31:01,108.94,108.95
2015-01-02 15:31:02,108.95,108.96
2015-01-02 15:31:03,108.95,108.96
2015-01-02 15:31:04,108.95,108.97
2015-01-02 15:31:05,108.95,108.97
2015-01-02 15:31:06,108.95,108.97
2015-01-02 15:31:07,108.95,108.97
2015-01-02 15:31:08,108.95,108.96
2015-01-02 15:31:09,108.95,108.96
2015-01-02 15:31:10,108.95,108.96
2015-01-02 15:31:11,108.95,108.96
2015-01-02 15:31:12,108.95,108.96
2015-01-02 15:31:13,108.95,108.96
2015-01-02 15:31:14,108.95,108.96
2015-01-02 15:31:15,108.95,108.96
2015-01-02 15:31:16,108.95,108.96
2015-01-02 15:31:17,108.95,108.96
2015-01-02 15:31:18,108.95,108.96
2015-01-02 15:31:19,108.95,108.96
2015-01-02 15:31:20,108.95,108.96
2015-01-02 15:31:21,108.95,108.96
2015-01-02 15:31:22,108.94,108.95
2015-01-02 15:31:23,108.94,108.95
2015-01-02 15:31:24,108.94,108.95
2015-01-02 15:31:25,108.94,108.95
2015-01-02 15:31:26,108.94,108.95
2015-01-02 15:31:27,108.94,108.95
2015-01-02 15:31:28,108.94,108.95
2015-01-02 15:31:29,108.94,108.95
2015-01-02 15:31:30,108.94,108.95
2015-01-02 15:31:31,108.94,108.95
2015-01-02 15:31:32,108.94,108.95
2015-01-02 15:31:33,108.95,108.96
2015-01-02 15:31:34,108.95,108.96
2015-01-02 15:31:35,108.95,108.96
2015-01-02 15:31:36,108.95,108.96
2015-01-02 15:31:37,108.95,108.96
2015-01-02 15:31:38,108.95,108.96
2015-01-02 15:31:39,108.94,108.95
2015-01-02 15:31:40,108.95,108.96
2015-01-02 15:31:41,108.94,108.95
2015-01-02 15:31:42,108.94,108.95
2015-01-02 15:31:43,108.94,108.95
2015-01-02 15:31:44,108.94,108.96
2015-01-02 15:31:45,108.94,108.95
2015-01-02 15:31:46,108.95,108.96
2015-01-02 15:31:47,108.95,108.96
2015-01-02 15:31:48,108.96,108.97
2015-01-02 15:31:49,108.96,108.97
2015-01-02 15:31:50,108.96,108.97
2015-01-02 15:31:51,108.96,108.97
2015-01-02 15:31:52,108.96,108.97
2015-01-02 15:31:53,108.96,108.97
2015-01-02 15:31:54,108.96,108.97
2015-01-02 15:31:55,108.96,108.97
2015-01-02 15:31:56,108.96,108.97
2015-01-02 15:31:57,108.96,108.97
2015-01-02 15:31:58,108.96,108.97
2015-01-02 15:31:59,108.96,108.97
2015-01-02 15:32:00,108.96,108.97
2015-01-02 15:32:01,108.96,108.97
2015-01-02 15:32:02,108.96,108.97
2015-01-02 15:32:03,108.97,108.98
2015-01-02 15:32:04,108.95,108.96
2015-01-02 15:32:05,108.95,108.96
2015-01-02 15:32:06,108.95,108.96
2015-01-02 15:32:07,108.95,108.96
2015-01-02 15:32:08,108.95,108.96
2015-01-02 15:32:09,108.96,108.97
2015-01-02 15:32:10,108.96,108.97
2015-01-02 15:32:11,108.96,108.97
2015-01-02 15:32:12,108.95,108.96
2015-01-02 15:32:13,108.96,108.97
2015-01-02 15:32:14,108.96,108.97
2015-01-02 15:32:15,108.97,108.98
2015-01-02 15:32:16,108.97,108.98
2015-01-02 15:32:17,108.97,108.98
2015-01-02 15:32:18,108.97,108.98
2015-01-02 15:32:19,108.96,108.97
2015-01-02 15:32:20,108.96,108.97
2015-01-02 15:32:21,108.96,108.97
2015-01-02 15:32:22,108.96,108.97
2015-01-02 15:32:23,108.96,108.97
2015-01-02 15:32:24,108.96,108.97
2015-01-02 15:32:25,108.96,108.97
2015-01-02 15:32:26,108.96,108.97
2015-01-02 15:32:27,108.96,108.97
2015-01-02 15:32:28,108.96,108.97
2015-01-02 15:32:29,108.95,108.96
2015-01-02 15:32:30,108.95,108.96
2015-01-02 15:32:31,108.95,108.96
2015-01-02 15:32:32,108.96,108.97
2015-01-02 15:32:33,108.96,108.97
2015-01-02 15:32:34,108.96,108.97
2015-01-02 15:32:35,108.96,108.97
2015-01-02 15:32:36,108.96,108.97
2015-01-02 15:32:37,108.96,108.97
2015-01-02 15:32:38,108.96,108.97
2015-01-02 15:32:39,108.96,108.97
2015-01-02 15:32:40,108.96,108.97
2015-01-02 15:32:41,108.96,108.97
2015-01-02 15:32:42,108.95,108.96
2015-01-02 15:32:43,108.95,108.96
2015-01-02 15:32:44,108.95,108.96
2015-01-02 15:32:45,108.95,108.96
2015-01-02 15:32:46,108.94,108.95
2015-01-02 15:32:47,108.95,108.96
2015-01-02 15:32:48,108.95,108.96
2015-01-02 15:32:49,108.95,108.96
2015-01-02 15:32:50,108.94,108.95
2015-01-02 15:32:51,108.94,108.95
2015-01-02 15:32:52,108.94,108.95
2015-01-02 15:32:53,108.95,108.96
2015-01-02 15:32:54,108.95,108.96
2015-01-02 15:32:55,108.95,108.96
2015-01-02 15:32:56,108.96,108.97
2015-01-02 15:32:57,108.96,108.97
2015-01-02 15:32:58,108.96,108.97
2015-01-02 15:32:59,108.95,108.96
2015-01-02 15:33:00,108.95,108.97
2015-01-02 15:33:01,108.95,108.96
2015-01-02 15:33:02,108.95,108.96
2015-01-02 15:33:03,108.96,108.97
2015-01-02 15:33:04,108.96,108.97
2015-01-02 15:33:05,108.96,108.97
2015-01-02 15:33:06,108.97,108.98
2015-01-02 15:33:07,108.97,108.98
2015-01-02 15:33:08,108.97,108.98
2015-01-02 15:33:09,108.98,108.99
2015-01-02 15:33:10,108.99,109.0
2015-01-02 15:33:11,108.99,109.0
2015-01-02 15:33:12,108.99,109.0
2015-01-02 15:33:13,109.01,109.02
2015-01-02 15:33:14,109.01,109.02
2015-01-02 15:33:15,109.01,109.02
2015-01-02 15:33:16,109.01,109.02
2015-01-02 15:33:17,109.01,109.02
2015-01-02 15:33:18,109.01,109.02
2015-01-02 15:33:19,109.0,109.01
2015-01-02 15:33:20,109.01,109.02
2015-01-02 15:33:21,109.0,109.01
2015-01-02 15:33:22,109.0,109.01
2015-01-02 15:33:23,109.01,109.02
2015-01-02 15:33:24,109.01,109.02
2015-01-02 15:33:25,108.99,109.0
2015-01-02 15:33:26,109.0,109.01
2015-01-02 15:33:27,109.0,109.01
2015-01-02 15:33:28,109.0,109.01
2015-01-02 15:33:29,109.0,109.01
2015-01-02 15:33:30,109.0,109.01
2015-01-02 15:33:31,109.01,109.02
2015-01-02 15:33:32,109.01,109.02
2015-01-02 15:33:33,109.01,109.02
2015-01-02 15:33:34,109.01,109.02
2015-01-02 15:33:35,109.01,109.02
2015-01-02 15:33:36,109.02,109.03
2015-01-02 15:33:37,109.02,109.03
2015-01-02 15:33:38,109.02,109.03
2015-01-02 15:33:39,109.02,109.03
2015-01-02 15:33:40,109.02,109.03
2015-01-02 15:33:41,109.02,109.03
2015-01-02 15:33:42,109.02,109.03
2015-01-02 15:33:43,109.03,109.04
2015-01-02 15:33:44,109.03,109.04
2015-01-02 15:33:45,109.02,109.03
2015-01-02 15:33:46,109.02,109.03
2015-01-02 15:33:47,109.03,109.04
2015-01-02 15:33:48,109.03,109.04
2015-01-02 15:33:49,109.05,109.06
2015-01-02 15:33:50,109.05,109.06
2015-01-02 15:33:51,109.05,109.06
2015-01-02 15:33:52,109.05,109.06
2015-01-02 15:33:53,109.07,109.08
2015-01-02 15:33:54,109.08,109.09
2015-01-02 15:33:55,109.08,109.09
2015-01-02 15:33:56,109.08,109.09
2015-01-02 15:33:57,109.08,109.09
2015-01-02 15:33:58,109.08,109.09
2015-01-02 15:33:59,109.08,109.09
2015-01-02 15:34:00,109.08,109.09
2015-01-02 15:34:01,109.08,109.09
2015-01-02 15:34:02,109.08,109.09
2015-01-02 15:34:03,109.07,109.08
2015-01-02 15:34:04,109.07,109.08
2015-01-02 15:34:05,109.07,109.08
2015-01-02 15:34:06,109.07,109.08
2015-01-02 15:34:07,109.08,109.09
2015-01-02 15:34:08,109.07,109.08
2015-01-02 15:34:09,109.08,109.09
2015-01-02 15:34:10,109.08,109.09
2015-01-02 15:34:11,109.08,109.09
2015-01-02 15:34:12,109.08,109.09
2015-01-02 15:34:13,109.08,109.09
2015-01-02 15:34:14,109.09,109.1
2015-01-02 15:34:15,109.09,109.1
2015-01-02 15:34:16,109.09,109.1
2015-01-02 15:34:17,109.09,109.1
2015-01-02 15:34:18,109.09,109.1
2015-01-02 15:34:19,109.09,109.1
2015-01-02 15:34:20,109.09,109.1
2015-01-02 15:34:21,109.08,109.09
2015-01-02 15:34:22,109.07,109.08
2015-01-02 15:34:23,109.08,109.09
2015-01-02 15:34:24,109.07,109.08
2015-01-02 15:34:25,109.07,109.08
2015-01-02 15:34:26,109.08,109.09
2015-01-02 15:34:27,109.08,109.09
2015-01-02 15:34:28,109.08,109.09
2015-01-02 15:34:29,109.08,109.09
2015-01-02 15:34:30,109.08,109.09
2015-01-02 15:34:31,109.08,109.09
2015-01-02 15:34:32,109.08,109.09
2015-01-02 15:34:33,109.08,109.09
2015-01-02 15:34:34,109.08,109.09
2015-01-02 15:34:35,109.09,109.1
2015-01-02 15:34:36,109.08,109.09
2015-01-02 15:34:37,109.08,109.1
2015-01-02 15:34:38,109.08,109.1
2015-01-02 15:34:39,109.08,109.09
2015-01-02 15:34:40,109.08,109.09
2015-01-02 15:34:41,109.08,109.09
2015-01-02 15:34:42,109.09,109.1
2015-01-02 15:34:43,109.09,109.1
2015-01-02 15:34:44,109.09,109.1
2015-01-02 15:34:45,109.09,109.1
2015-01-02 15:34:46,109.1,109.11
2015-01-02 15:34:47,109.1,109.11
2015-01-02 15:34:48,109.11,109.12
2015-01-02 15:34:49,109.11,109.12
2015-01-02 15:34:50,109.11,109.12
2015-01-02 15:34:51,109.11,109.12
2015-01-02 15:34:52,109.11,109.12
2015-01-02 15:34:53,109.11,109.12
2015-01-02 15:34:54,109.11,109.12
2015-01-02 15:34:55,109.11,109.12
2015-01-02 15:34:56,109.11,109.12
2015-01-02 15:34:57,109.11,109.12
2015-01-02 15:34:58,109.11,109.12
2015-01-02 15:34:59,109.12,109.13
2015-01-02 15:35:00,109.12,109.13
2015-01-02 15:35:01,109.11,109.13
2015-01-02 15:35:02,109.11,109.11
2015-01-02 15:35:03,109.1,109.11
2015-01-02 15:35:04,109.11,109.12
2015-01-02 15:35:05,109.09,109.1
2015-01-02 15:35:06,109.09,109.1
2015-01-02 15:35:07,109.09,109.1
2015-01-02 15:35:08,109.1,109.11
2015-01-02 15:35:09,109.11,109.12
2015-01-02 15:35:10,109.11,109.12
2015-01-02 15:35:11,109.11,109.12
2015-01-02 15:35:12,109.11,109.12
2015-01-02 15:35:13,109.11,109.12
2015-01-02 15:35:14,109.11,109.12
2015-01-02 15:35:15,109.11,109.12
2015-01-02 15:35:16,109.11,109.12
2015-01-02 15:35:17,109.11,109.12
2015-01-02 15:35:18,109.09,109.1
2015-01-02 15:35:19,109.09,109.1
2015-01-02 15:35:20,109.09,109.1
2015-01-02 15:35:21,109.1,109.11
2015-01-02 15:35:22,109.09,109.11
2015-01-02 15:35:23,109.09,109.11
2015-01-02 15:35:24,109.09,109.1
2015-01-02 15:35:25,109.1,109.11
2015-01-02 15:35:26,109.1,109.11
2015-01-02 15:35:27,109.09,109.11
2015-01-02 15:35:28,109.1,109.11
2015-01-02 15:35:29,109.1,109.11
2015-01-02 15:35:30,109.1,109.11
2015-01-02 15:35:31,109.08,109.09
2015-01-02 15:35:32,109.08,109.09
2015-01-02 15:35:33,109.09,109.1
2015-01-02 15:35:34,109.09,109.1
2015-01-02 15:35:35,109.09,109.1
2015-01-02 15:35:36,109.09,109.1
2015-01-02 15:35:37,109.08,109.09
2015-01-02 15:35:38,109.07,109.08
2015-01-02 15:35:39,109.07,109.08
2015-01-02 15:35:40,109.07,109.08
2015-01-02 15:35:41,109.07,109.08
2015-01-02 15:35:42,109.08,109.09
2015-01-02 15:35:43,109.08,109.09
2015-01-02 15:35:44,109.08,109.09
2015-01-02 15:35:45,109.08,109.09
2015-01-02 15:35:46,109.08,109.09
2015-01-02 15:35:47,109.08,109.09
2015-01-02 15:35:48,109.08,109.09
2015-01-02 15:35:49,109.08,109.09
2015-01-02 15:35:50,109.07,109.08
2015-01-02 15:35:51,109.06,109.07
2015-01-02 15:35:52,109.06,109.07
2015-01-02 15:35:53,109.06,109.07
2015-01-02 15:35:54,109.05,109.07
2015-01-02 15:35:55,109.04,109.05
2015-01-02 15:35:56,109.04,109.05
2015-01-02 15:35:57,109.05,109.06
2015-01-02 15:35:58,109.05,109.06
2015-01-02 15:35:59,109.04,109.05
2015-01-02 15:36:00,109.04,109.05
2015-01-02 15:36:01,109.04,109.05
2015-01-02 15:36:02,109.04,109.05
2015-01-02 15:36:03,109.03,109.05
2015-01-02 15:36:04,109.04,109.05
2015-01-02 15:36:05,109.04,109.05
2015-01-02 15:36:06,109.03,109.04
2015-01-02 15:36:07,109.03,109.04
2015-01-02 15:36:08,109.03,109.04
2015-01-02 15:36:09,109.04,109.06
2015-01-02 15:36:10,109.04,109.06
2015-01-02 15:36:11,109.04,109.05
2015-01-02 15:36:12,109.04,109.05
2015-01-02 15:36:13,109.04,109.05
2015-01-02 15:36:14,109.04,109.05
2015-01-02 15:36:15,109.04,109.05
2015-01-02 15:36:16,109.05,109.06
2015-01-02 15:36:17,109.05,109.06
2015-01-02 15:36:18,109.06,109.07
2015-01-02 15:36:19,109.06,109.07
2015-01-02 15:36:20,109.06,109.07
2015-01-02 15:36:21,109.05,109.06
2015-01-02 15:36:22,109.05,109.06
2015-01-02 15:36:23,109.05,109.06
2015-01-02 15:36:24,109.05,109.06
2015-01-02 15:36:25,109.05,109.06
2015-01-02 15:36:26,109.05,109.06
2015-01-02 15:36:27,109.06,109.07
2015-01-02 15:36:28,109.06,109.07
2015-01-02 15:36:29,109.05,109.06
2015-01-02 15:36:30,109.05,109.06
2015-01-02 15:36:31,109.05,109.06
2015-01-02 15:36:32,109.05,109.06
2015-01-02 15:36:33,109.04,109.05
2015-01-02 15:36:34,109.05,109.06
2015-01-02 15:36:35,109.05,109.06
2015-01-02 15:36:36,109.05,109.06
2015-01-02 15:36:37,109.06,109.07
2015-01-02 15:36:38,109.05,109.06
2015-01-02 15:36:39,109.05,109.06
2015-01-02 15:36:40,109.05,109.06
2015-01-02 15:36:41,109.05,109.06
2015-01-02 15:36:42,109.05,109.06
2015-01-02 15:36:43,109.05,109.06
2015-01-02 15:36:44,109.06,109.07
2015-01-02 15:36:45,109.06,109.07
2015-01-02 15:36:46,109.06,109.07
2015-01-02 15:36:47,109.07,109.08
2015-01-02 15:36:48,109.07,109.08
2015-01-02 15:36:49,109.07,109.08
2015-01-02 15:36:50,109.07,109.08
2015-01-02 15:36:51,109.07,109.08
2015-01-02 15:36:52,109.07,109.08
2015-01-02 15:36:53,109.07,109.08
2015-01-02 15:36:54,109.07,109.08
2015-01-02 15:36:55,109.07,109.08
2015-01-02 15:36:56,109.07,109.08
2015-01-02 15:36:57,109.07,109.08
2015-01-02 15:36:58,109.07,109.08
2015-01-02 15:36:59,109.07,109.08
2015-01-02 15:37:00,109.07,109.08
2015-01-02 15:37:01,109.07,109.09
2015-01-02 15:37:02,109.07,109.09
2015-01-02 15:37:03,109.07,109.09
2015-01-02 15:37:04,109.07,109.09
2015-01-02 15:37:05,109.07,109.09
2015-01-02 15:37:06,109.07,109.09
2015-01-02 15:37:07,109.07,109.09
2015-01-02 15:37:08,109.07,109.08
2015-01-02 15:37:09,109.07,109.09
2015-01-02 15:37:10,109.07,109.09
2015-01-02 15:37:11,109.07,109.08
2015-01-02 15:37:12,109.07,109.08
2015-01-02 15:37:13,109.07,109.08
2015-01-02 15:37:14,109.07,109.08
2015-01-02 15:37:15,109.07,109.08
2015-01-02 15:37:16,109.06,109.07
2015-01-02 15:37:17,109.05,109.06
2015-01-02 15:37:18,109.07,109.08
2015-01-02 15:37:19,109.07,109.08
2015-01-02 15:37:20,109.07,109.09
2015-01-02 15:37:21,109.07,109.08
2015-01-02 15:37:22,109.07,109.09
2015-01-02 15:37:23,109.07,109.09
2015-01-02 15:37:24,109.09,109.1
2015-01-02 15:37:25,109.08,109.09
2015-01-02 15:37:26,109.1,109.11
2015-01-02 15:37:27,109.1,109.11
2015-01-02 15:37:28,109.12,109.13
2015-01-02 15:37:29,109.12,109.13
2015-01-02 15:37:30,109.13,109.14
2015-01-02 15:37:31,109.14,109.14
2015-01-02 15:37:32,109.13,109.14
2015-01-02 15:37:33,109.13,109.14
2015-01-02 15:37:34,109.13,109.14
2015-01-02 15:37:35,109.11,109.12
2015-01-02 15:37:36,109.11,109.12
2015-01-02 15:37:37,109.11,109.12
2015-01-02 15:37:38,109.12,109.13
2015-01-02 15:37:39,109.12,109.13
2015-01-02 15:37:40,109.09,109.1
2015-01-02 15:37:41,109.09,109.1
2015-01-02 15:37:42,109.08,109.09
2015-01-02 15:37:43,109.08,109.09
2015-01-02 15:37:44,109.08,109.09
2015-01-02 15:37:45,109.08,109.09
2015-01-02 15:37:46,109.07,109.08
2015-01-02 15:37:47,109.07,109.08
2015-01-02 15:37:48,109.07,109.08
2015-01-02 15:37:49,109.07,109.08
2015-01-02 15:37:50,109.07,109.08
2015-01-02 15:37:51,109.07,109.08
2015-01-02 15:37:52,109.07,109.08
2015-01-02 15:37:53,109.07,109.08
2015-01-02 15:37:54,109.07,109.08
2015-01-02 15:37:55,109.07,109.08
2015-01-02 15:37:56,109.07,109.08
2015-01-02 15:37:57,109.07,109.08
2015-01-02 15:37:58,109.07,109.08
2015-01-02 15:37:59,109.07,109.08
2015-01-02 15:38:00,109.08,109.09
2015-01-02 15:38:01,109.08,109.09
2015-01-02 15:38:02,109.08,109.09
2015-01-02 15:38:03,109.08,109.09
2015-01-02 15:38:04,109.08,109.09
2015-01-02 15:38:05,109.08,109.09
2015-01-02 15:38:06,109.09,109.1
2015-01-02 15:38:07,109.09,109.1
2015-01-02 15:38:08,109.09,109.1
2015-01-02 15:38:09,109.09,109.1
2015-01-02 15:38:10,109.09,109.1
2015-01-02 15:38:11,109.09,109.1
2015-01-02 15:38:12,109.09,109.1
2015-01-02 15:38:13,109.09,109.1
2015-01-02 15:38:14,109.09,109.1
2015-01-02 15:38:15,109.09,109.1
2015-01-02 15:38:16,109.09,109.1
2015-01-02 15:38:17,109.1,109.11
2015-01-02 15:38:18,109.1,109.11
2015-01-02 15:38:19,109.09,109.1
2015-01-02 15:38:20,109.1,109.11
2015-01-02 15:38:21,109.1,109.11
2015-01-02 15:38:22,109.1,109.11
2015-01-02 15:38:23,109.11,109.12
2015-01-02 15:38:24,109.11,109.12
2015-01-02 15:38:25,109.11,109.12
2015-01-02 15:38:26,109.11,109.12
2015-01-02 15:38:27,109.11,109.12
2015-01-02 15:38:28,109.11,109.12
2015-01-02 15:38:29,109.11,109.12
2015-01-02 15:38:30,109.11,109.12
2015-01-02 15:38:31,109.11,109.12
2015-01-02 15:38:32,109.11,109.12
2015-01-02 15:38:33,109.1,109.11
2015-01-02 15:38:34,109.09,109.1
2015-01-02 15:38:35,109.08,109.09
2015-01-02 15:38:36,109.08,109.09
2015-01-02 15:38:37,109.09,109.1
2015-01-02 15:38:38,109.09,109.1
2015-01-02 15:38:39,109.09,109.1
2015-01-02 15:38:40,109.08,109.09
2015-01-02 15:38:41,109.07,109.08
2015-01-02 15:38:42,109.06,109.07
2015-01-02 15:38:43,109.06,109.07
2015-01-02 15:38:44,109.06,109.07
2015-01-02 15:38:45,109.06,109.07
2015-01-02 15:38:46,109.05,109.06
2015-01-02 15:38:47,109.05,109.06
2015-01-02 15:38:48,109.05,109.06
2015-01-02 15:38:49,109.06,109.07
2015-01-02 15:38:50,109.06,109.07
2015-01-02 15:38:51,109.06,109.07
2015-01-02 15:38:52,109.06,109.07
2015-01-02 15:38:53,109.06,109.07
2015-01-02 15:38:54,109.07,109.08
2015-01-02 15:38:55,109.07,109.08
2015-01-02 15:38:56,109.07,109.08
2015-01-02 15:38:57,109.07,109.08
2015-01-02 15:38:58,109.07,109.08
2015-01-02 15:38:59,109.07,109.08
2015-01-02 15:39:00,109.09,109.1
2015-01-02 15:39:01,109.09,109.1
2015-01-02 15:39:02,109.09,109.1
2015-01-02 15:39:03,109.09,109.1
2015-01-02 15:39:04,109.08,109.09
2015-01-02 15:39:05,109.08,109.09
2015-01-02 15:39:06,109.08,109.09
2015-01-02 15:39:07,109.08,109.09
2015-01-02 15:39:08,109.08,109.09
2015-01-02 15:39:09,109.08,109.09
2015-01-02 15:39:10,109.08,109.09
2015-01-02 15:39:11,109.08,109.09
2015-01-02 15:39:12,109.08,109.09
2015-01-02 15:39:13,109.09,109.1
2015-01-02 15:39:14,109.1,109.11
2015-01-02 15:39:15,109.1,109.11
2015-01-02 15:39:16,109.1,109.11
2015-01-02 15:39:17,109.1,109.11
2015-01-02 15:39:18,109.1,109.11
2015-01-02 15:39:19,109.1,109.11
2015-01-02 15:39:20,109.1,109.11
2015-01-02 15:39:21,109.09,109.1
2015-01-02 15:39:22,109.09,109.1
2015-01-02 15:39:23,109.09,109.1
2015-01-02 15:39:24,109.08,109.09
2015-01-02 15:39:25,109.09,109.1
2015-01-02 15:39:26,109.09,109.1
2015-01-02 15:39:27,109.09,109.1
2015-01-02 15:39:28,109.09,109.1
2015-01-02 15:39:29,109.09,109.1
2015-01-02 15:39:30,109.09,109.1
2015-01-02 15:39:31,109.09,109.1
2015-01-02 15:39:32,109.09,109.1
2015-01-02 15:39:33,109.09,109.1
2015-01-02 15:39:34,109.09,109.1
2015-01-02 15:39:35,109.09,109.1
2015-01-02 15:39:36,109.09,109.1
2015-01-02 15:39:37,109.09,109.1
2015-01-02 15:39:38,109.09,109.1
2015-01-02 15:39:39,109.09,109.1
2015-01-02 15:39:40,109.09,109.1
2015-01-02 15:39:41,109.09,109.1
2015-01-02 15:39:42,109.09,109.1
2015-01-02 15:39:43,109.09,109.1
2015-01-02 15:39:44,109.08,109.09
2015-01-02 15:39:45,109.09,109.1
2015-01-02 15:39:46,109.09,109.1
2015-01-02 15:39:47,109.09,109.1
2015-01-02 15:39:48,109.09,109.1
2015-01-02 15:39:49,109.09,109.1
2015-01-02 15:39:50,109.09,109.1
2015-01-02 15:39:51,109.09,109.1
2015-01-02 15:39:52,109.09,109.1
2015-01-02 15:39:53,109.09,109.1
2015-01-02 15:39:54,109.09,109.1
2015-01-02 15:39:55,109.1,109.11
2015-01-02 15:39:56,109.1,109.11
2015-01-02 15:39:57,109.1,109.11
2015-01-02 15:39:58,109.1,109.11
2015-01-02 15:39:59,109.1,109.11
2015-01-02 15:40:00,109.1,109.11
2015-01-02 15:40:01,109.1,109.11
2015-01-02 15:40:02,109.1,109.11
2015-01-02 15:40:03,109.1,109.12
2015-01-02 15:40:04,109.11,109.12
2015-01-02 15:40:05,109.11,109.12
2015-01-02 15:40:06,109.11,109.12
2015-01-02 15:40:07,109.11,109.12
2015-01-02 15:40:08,109.11,109.12
2015-01-02 15:40:09,109.11,109.12
2015-01-02 15:40:10,109.11,109.12
2015-01-02 15:40:11,109.11,109.12
2015-01-02 15:40:12,109.11,109.12
2015-01-02 15:40:13,109.13,109.14
2015-01-02 15:40:14,109.12,109.14
2015-01-02 15:40:15,109.13,109.14
2015-01-02 15:40:16,109.13,109.14
2015-01-02 15:40:17,109.13,109.14
2015-01-02 15:40:18,109.13,109.14
2015-01-02 15:40:19,109.14,109.15
2015-01-02 15:40:20,109.15,109.16
2015-01-02 15:40:21,109.14,109.15
2015-01-02 15:40:22,109.14,109.15
2015-01-02 15:40:23,109.14,109.15
2015-01-02 15:40:24,109.14,109.15
2015-01-02 15:40:25,109.14,109.15
2015-01-02 15:40:26,109.14,109.15
2015-01-02 15:40:27,109.14,109.15
2015-01-02 15:40:28,109.14,109.15
2015-01-02 15:40:29,109.14,109.15
2015-01-02 15:40:30,109.15,109.15
2015-01-02 15:40:31,109.14,109.15
2015-01-02 15:40:32,109.14,109.15
2015-01-02 15:40:33,109.14,109.15
2015-01-02 15:40:34,109.15,109.16
2015-01-02 15:40:35,109.16,109.17
2015-01-02 15:40:36,109.16,109.17
2015-01-02 15:40:37,109.16,109.17
2015-01-02 15:40:38,109.16,109.17
2015-01-02 15:40:39,109.16,109.17
2015-01-02 15:40:40,109.16,109.17
2015-01-02 15:40:41,109.16,109.17
2015-01-02 15:40:42,109.16,109.17
2015-01-02 15:40:43,109.16,109.17
2015-01-02 15:40:44,109.16,109.17
2015-01-02 15:40:45,109.16,109.17
2015-01-02 15:40:46,109.17,109.18
2015-01-02 15:40:47,109.16,109.17
2015-01-02 15:40:48,109.16,109.17
2015-01-02 15:40:49,109.16,109.17
2015-01-02 15:40:50,109.16,109.17
2015-01-02 15:40:51,109.14,109.15
2015-01-02 15:40:52,109.14,109.15
2015-01-02 15:40:53,109.12,109.13
2015-01-02 15:40:54,109.13,109.14
2015-01-02 15:40:55,109.13,109.14
2015-01-02 15:40:56,109.13,109.14
2015-01-02 15:40:57,109.14,109.15
2015-01-02 15:40:58,109.14,109.15
2015-01-02 15:40:59,109.14,109.15
2015-01-02 15:41:00,109.14,109.15
2015-01-02 15:41:01,109.16,109.17
2015-01-02 15:41:02,109.17,109.18
2015-01-02 15:41:03,109.17,109.18
2015-01-02 15:41:04,109.17,109.18
2015-01-02 15:41:05,109.17,109.19
2015-01-02 15:41:06,109.17,109.19
2015-01-02 15:41:07,109.17,109.18
2015-01-02 15:41:08,109.16,109.17
2015-01-02 15:41:09,109.16,109.17
2015-01-02 15:41:10,109.16,109.17
2015-01-02 15:41:11,109.16,109.17
2015-01-02 15:41:12,109.16,109.17
2015-01-02 15:41:13,109.16,109.17
2015-01-02 15:41:14,109.16,109.17
2015-01-02 15:41:15,109.16,109.17
2015-01-02 15:41:16,109.16,109.17
2015-01-02 15:41:17,109.16,109.17
2015-01-02 15:41:18,109.16,109.17
2015-01-02 15:41:19,109.16,109.17
2015-01-02 15:41:20,109.16,109.17
2015-01-02 15:41:21,109.17,109.18
2015-01-02 15:41:22,109.18,109.19
2015-01-02 15:41:23,109.18,109.19
2015-01-02 15:41:24,109.18,109.19
2015-01-02 15:41:25,109.18,109.19
2015-01-02 15:41:26,109.18,109.19
2015-01-02 15:41:27,109.18,109.19
2015-01-02 15:41:28,109.17,109.19
2015-01-02 15:41:29,109.18,109.19
2015-01-02 15:41:30,109.18,109.19
2015-01-02 15:41:31,109.18,109.19
2015-01-02 15:41:32,109.18,109.19
2015-01-02 15:41:33,109.18,109.19
2015-01-02 15:41:34,109.18,109.19
2015-01-02 15:41:35,109.18,109.19
2015-01-02 15:41:36,109.18,109.19
2015-01-02 15:41:37,109.18,109.19
2015-01-02 15:41:38,109.18,109.19
2015-01-02 15:41:39,109.18,109.19
2015-01-02 15:41:40,109.18,109.19
2015-01-02 15:41:41,109.18,109.19
2015-01-02 15:41:42,109.18,109.19
2015-01-02 15:41:43,109.18,109.19
2015-01-02 15:41:44,109.18,109.19
2015-01-02 15:41:45,109.18,109.19
2015-01-02 15:41:46,109.18,109.19
2015-01-02 15:41:47,109.17,109.18
2015-01-02 15:41:48,109.18,109.19
2015-01-02 15:41:49,109.18,109.19
2015-01-02 15:41:50,109.18,109.19
2015-01-02 15:41:51,109.18,109.19
2015-01-02 15:41:52,109.2,109.21
2015-01-02 15:41:53,109.2,109.21
2015-01-02 15:41:54,109.2,109.21
2015-01-02 15:41:55,109.2,109.21
2015-01-02 15:41:56,109.2,109.21
2015-01-02 15:41:57,109.2,109.21
2015-01-02 15:41:58,109.21,109.22
2015-01-02 15:41:59,109.21,109.22
2015-01-02 15:42:00,109.21,109.22
2015-01-02 15:42:01,109.21,109.22
2015-01-02 15:42:02,109.21,109.22
2015-01-02 15:42:03,109.21,109.22
2015-01-02 15:42:04,109.21,109.22
2015-01-02 15:42:05,109.21,109.22
2015-01-02 15:42:06,109.21,109.22
2015-01-02 15:42:07,109.21,109.22
2015-01-02 15:42:08,109.21,109.22
2015-01-02 15:42:09,109.21,109.22
2015-01-02 15:42:10,109.23,109.24
2015-01-02 15:42:11,109.24,109.25
2015-01-02 15:42:12,109.27,109.28
2015-01-02 15:42:13,109.29,109.3
2015-01-02 15:42:14,109.32,109.32
2015-01-02 15:42:15,109.32,109.33
2015-01-02 15:42:16,109.31,109.33
2015-01-02 15:42:17,109.31,109.32
2015-01-02 15:42:18,109.32,109.33
2015-01-02 15:42:19,109.33,109.34
2015-01-02 15:42:20,109.34,109.35
2015-01-02 15:42:21,109.35,109.36
2015-01-02 15:42:22,109.35,109.36
2015-01-02 15:42:23,109.36,109.37
2015-01-02 15:42:24,109.36,109.37
2015-01-02 15:42:25,109.36,109.37
2015-01-02 15:42:26,109.37,109.38
2015-01-02 15:42:27,109.37,109.38
2015-01-02 15:42:28,109.37,109.38
2015-01-02 15:42:29,109.37,109.38
2015-01-02 15:42:30,109.41,109.42
2015-01-02 15:42:31,109.41,109.42
2015-01-02 15:42:32,109.41,109.42
2015-01-02 15:42:33,109.43,109.44
2015-01-02 15:42:34,109.44,109.45
2015-01-02 15:42:35,109.44,109.45
2015-01-02 15:42:36,109.44,109.45
2015-01-02 15:42:37,109.43,109.45
2015-01-02 15:42:38,109.44,109.45
2015-01-02 15:42:39,109.47,109.48
2015-01-02 15:42:40,109.46,109.47
2015-01-02 15:42:41,109.47,109.48
2015-01-02 15:42:42,109.47,109.48
2015-01-02 15:42:43,109.47,109.48
2015-01-02 15:42:44,109.48,109.49
2015-01-02 15:42:45,109.49,109.5
2015-01-02 15:42:46,109.51,109.52
2015-01-02 15:42:47,109.51,109.52
2015-01-02 15:42:48,109.52,109.53
2015-01-02 15:42:49,109.5,109.51
2015-01-02 15:42:50,109.49,109.5
2015-01-02 15:42:51,109.5,109.51
2015-01-02 15:42:52,109.47,109.48
2015-01-02 15:42:53,109.49,109.5
2015-01-02 15:42:54,109.49,109.5
2015-01-02 15:42:55,109.49,109.5
2015-01-02 15:42:56,109.48,109.49
2015-01-02 15:42:57,109.43,109.44
2015-01-02 15:42:58,109.42,109.43
2015-01-02 15:42:59,109.43,109.44
2015-01-02 15:43:00,109.42,109.43
2015-01-02 15:43:01,109.42,109.43
2015-01-02 15:43:02,109.43,109.44
2015-01-02 15:43:03,109.44,109.45
2015-01-02 15:43:04,109.44,109.45
2015-01-02 15:43:05,109.44,109.45
2015-01-02 15:43:06,109.44,109.45
2015-01-02 15:43:07,109.44,109.45
2015-01-02 15:43:08,109.42,109.43
2015-01-02 15:43:09,109.4,109.41
2015-01-02 15:43:10,109.4,109.41
2015-01-02 15:43:11,109.41,109.42
2015-01-02 15:43:12,109.41,109.42
2015-01-02 15:43:13,109.41,109.42
2015-01-02 15:43:14,109.41,109.42
2015-01-02 15:43:15,109.37,109.38
2015-01-02 15:43:16,109.32,109.33
2015-01-02 15:43:17,109.33,109.34
2015-01-02 15:43:18,109.3,109.32
2015-01-02 15:43:19,109.32,109.33
2015-01-02 15:43:20,109.32,109.34
2015-01-02 15:43:21,109.33,109.34
2015-01-02 15:43:22,109.33,109.34
2015-01-02 15:43:23,109.33,109.34
2015-01-02 15:43:24,109.32,109.33
2015-01-02 15:43:25,109.33,109.34
2015-01-02 15:43:26,109.32,109.33
2015-01-02 15:43:27,109.33,109.34
2015-01-02 15:43:28,109.3,109.31
2015-01-02 15:43:29,109.32,109.33
2015-01-02 15:43:30,109.34,109.35
2015-01-02 15:43:31,109.35,109.36
2015-01-02 15:43:32,109.35,109.36
2015-01-02 15:43:33,109.35,109.36
2015-01-02 15:43:34,109.35,109.36
2015-01-02 15:43:35,109.35,109.36
2015-01-02 15:43:36,109.35,109.36
2015-01-02 15:43:37,109.35,109.36
2015-01-02 15:43:38,109.38,109.39
2015-01-02 15:43:39,109.37,109.38
2015-01-02 15:43:40,109.36,109.37
2015-01-02 15:43:41,109.36,109.37
2015-01-02 15:43:42,109.37,109.38
2015-01-02 15:43:43,109.37,109.38
2015-01-02 15:43:44,109.38,109.39
2015-01-02 15:43:45,109.37,109.38
2015-01-02 15:43:46,109.37,109.38
2015-01-02 15:43:47,109.37,109.38
2015-01-02 15:43:48,109.36,109.37
2015-01-02 15:43:49,109.36,109.38
2015-01-02 15:43:50,109.36,109.37
2015-01-02 15:43:51,109.35,109.36
2015-01-02 15:43:52,109.34,109.35
2015-01-02 15:43:53,109.33,109.34
2015-01-02 15:43:54,109.33,109.34
2015-01-02 15:43:55,109.31,109.32
2015-01-02 15:43:56,109.3,109.32
2015-01-02 15:43:57,109.3,109.32
2015-01-02 15:43:58,109.3,109.32
2015-01-02 15:43:59,109.3,109.31
2015-01-02 15:44:00,109.3,109.31
2015-01-02 15:44:01,109.28,109.29
2015-01-02 15:44:02,109.28,109.29
2015-01-02 15:44:03,109.28,109.29
2015-01-02 15:44:04,109.27,109.28
2015-01-02 15:44:05,109.27,109.28
2015-01-02 15:44:06,109.27,109.28
2015-01-02 15:44:07,109.27,109.28
2015-01-02 15:44:08,109.27,109.28
2015-01-02 15:44:09,109.28,109.29
2015-01-02 15:44:10,109.28,109.29
2015-01-02 15:44:11,109.28,109.29
2015-01-02 15:44:12,109.28,109.29
2015-01-02 15:44:13,109.28,109.29
2015-01-02 15:44:14,109.28,109.29
2015-01-02 15:44:15,109.28,109.29
2015-01-02 15:44:16,109.28,109.29
2015-01-02 15:44:17,109.28,109.29
2015-01-02 15:44:18,109.28,109.29
2015-01-02 15:44:19,109.27,109.28
2015-01-02 15:44:20,109.27,109.28
2015-01-02 15:44:21,109.28,109.29
2015-01-02 15:44:22,109.28,109.29
2015-01-02 15:44:23,109.28,109.29
2015-01-02 15:44:24,109.28,109.29
2015-01-02 15:44:25,109.28,109.29
2015-01-02 15:44:26,109.27,109.28
2015-01-02 15:44:27,109.27,109.28
2015-01-02 15:44:28,109.25,109.26
2015-01-02 15:44:29,109.25,109.27
2015-01-02 15:44:30,109.24,109.25
2015-01-02 15:44:31,109.25,109.26
2015-01-02 15:44:32,109.24,109.25
2015-01-02 15:44:33,109.22,109.23
2015-01-02 15:44:34,109.22,109.23
2015-01-02 15:44:35,109.22,109.23
2015-01-02 15:44:36,109.21,109.22
2015-01-02 15:44:37,109.21,109.22
2015-01-02 15:44:38,109.21,109.22
2015-01-02 15:44:39,109.21,109.22
2015-01-02 15:44:40,109.21,109.22
2015-01-02 15:44:41,109.21,109.22
2015-01-02 15:44:42,109.21,109.22
2015-01-02 15:44:43,109.23,109.24
2015-01-02 15:44:44,109.23,109.24
2015-01-02 15:44:45,109.25,109.26
2015-01-02 15:44:46,109.25,109.26
2015-01-02 15:44:47,109.25,109.26
2015-01-02 15:44:48,109.25,109.26
2015-01-02 15:44:49,109.26,109.27
2015-01-02 15:44:50,109.24,109.25
2015-01-02 15:44:51,109.24,109.25
2015-01-02 15:44:52,109.24,109.25
2015-01-02 15:44:53,109.24,109.25
2015-01-02 15:44:54,109.24,109.25
2015-01-02 15:44:55,109.24,109.25
2015-01-02 15:44:56,109.24,109.25
2015-01-02 15:44:57,109.24,109.25
2015-01-02 15:44:58,109.24,109.25
2015-01-02 15:44:59,109.24,109.25
2015-01-02 15:45:00,109.24,109.25
2015-01-02 15:45:01,109.24,109.25
2015-01-02 15:45:02,109.24,109.25
2015-01-02 15:45:03,109.23,109.24
2015-01-02 15:45:04,109.24,109.25
2015-01-02 15:45:05,109.24,109.25
2015-01-02 15:45:06,109.25,109.26
2015-01-02 15:45:07,109.27,109.28
2015-01-02 15:45:08,109.28,109.29
2015-01-02 15:45:09,109.29,109.3
2015-01-02 15:45:10,109.29,109.3
2015-01-02 15:45:11,109.29,109.3
2015-01-02 15:45:12,109.33,109.34
2015-01-02 15:45:13,109.34,109.35
2015-01-02 15:45:14,109.34,109.35
2015-01-02 15:45:15,109.34,109.35
2015-01-02 15:45:16,109.34,109.35
2015-01-02 15:45:17,109.34,109.35
2015-01-02 15:45:18,109.35,109.36
2015-01-02 15:45:19,109.35,109.36
2015-01-02 15:45:20,109.35,109.36
2015-01-02 15:45:21,109.34,109.35
2015-01-02 15:45:22,109.34,109.35
2015-01-02 15:45:23,109.33,109.34
2015-01-02 15:45:24,109.33,109.34
2015-01-02 15:45:25,109.33,109.34
2015-01-02 15:45:26,109.32,109.33
2015-01-02 15:45:27,109.32,109.33
2015-01-02 15:45:28,109.33,109.34
2015-01-02 15:45:29,109.35,109.36
2015-01-02 15:45:30,109.35,109.36
2015-01-02 15:45:31,109.34,109.35
2015-01-02 15:45:32,109.35,109.36
2015-01-02 15:45:33,109.34,109.35
2015-01-02 15:45:34,109.36,109.37
2015-01-02 15:45:35,109.36,109.37
2015-01-02 15:45:36,109.37,109.38
2015-01-02 15:45:37,109.37,109.38
2015-01-02 15:45:38,109.38,109.39
2015-01-02 15:45:39,109.4,109.41
2015-01-02 15:45:40,109.39,109.4
2015-01-02 15:45:41,109.39,109.4
2015-01-02 15:45:42,109.39,109.4
2015-01-02 15:45:43,109.42,109.43
2015-01-02 15:45:44,109.43,109.44
2015-01-02 15:45:45,109.41,109.42
2015-01-02 15:45:46,109.4,109.4
2015-01-02 15:45:47,109.41,109.42
2015-01-02 15:45:48,109.35,109.36
2015-01-02 15:45:49,109.36,109.37
2015-01-02 15:45:50,109.37,109.38
2015-01-02 15:45:51,109.37,109.38
2015-01-02 15:45:52,109.37,109.38
2015-01-02 15:45:53,109.37,109.38
2015-01-02 15:45:54,109.38,109.39
2015-01-02 15:45:55,109.39,109.4
2015-01-02 15:45:56,109.39,109.4
2015-01-02 15:45:57,109.39,109.4
2015-01-02 15:45:58,109.38,109.39
2015-01-02 15:45:59,109.38,109.39
2015-01-02 15:46:00,109.38,109.39
2015-01-02 15:46:01,109.35,109.36
2015-01-02 15:46:02,109.35,109.36
2015-01-02 15:46:03,109.35,109.36
2015-01-02 15:46:04,109.35,109.36
2015-01-02 15:46:05,109.32,109.33
2015-01-02 15:46:06,109.34,109.35
2015-01-02 15:46:07,109.34,109.35
2015-01-02 15:46:08,109.32,109.33
2015-01-02 15:46:09,109.31,109.32
2015-01-02 15:46:10,109.3,109.31
2015-01-02 15:46:11,109.3,109.31
2015-01-02 15:46:12,109.31,109.32
2015-01-02 15:46:13,109.3,109.31
2015-01-02 15:46:14,109.3,109.31
2015-01-02 15:46:15,109.3,109.31
2015-01-02 15:46:16,109.31,109.32
2015-01-02 15:46:17,109.32,109.33
2015-01-02 15:46:18,109.32,109.33
2015-01-02 15:46:19,109.32,109.33
2015-01-02 15:46:20,109.32,109.33
2015-01-02 15:46:21,109.31,109.32
2015-01-02 15:46:22,109.32,109.33
2015-01-02 15:46:23,109.32,109.33
2015-01-02 15:46:24,109.32,109.33
2015-01-02 15:46:25,109.31,109.33
2015-01-02 15:46:26,109.33,109.34
2015-01-02 15:46:27,109.33,109.34
2015-01-02 15:46:28,109.33,109.34
2015-01-02 15:46:29,109.33,109.34
2015-01-02 15:46:30,109.34,109.35
2015-01-02 15:46:31,109.34,109.35
2015-01-02 15:46:32,109.34,109.35
2015-01-02 15:46:33,109.34,109.35
2015-01-02 15:46:34,109.36,109.36
2015-01-02 15:46:35,109.36,109.37
2015-01-02 15:46:36,109.36,109.37
2015-01-02 15:46:37,109.36,109.37
2015-01-02 15:46:38,109.35,109.36
2015-01-02 15:46:39,109.35,109.36
2015-01-02 15:46:40,109.35,109.36
2015-01-02 15:46:41,109.35,109.36
2015-01-02 15:46:42,109.34,109.36
2015-01-02 15:46:43,109.35,109.36
2015-01-02 15:46:44,109.35,109.36
2015-01-02 15:46:45,109.35,109.36
2015-01-02 15:46:46,109.35,109.36
2015-01-02 15:46:47,109.35,109.36
2015-01-02 15:46:48,109.35,109.36
2015-01-02 15:46:49,109.35,109.36
2015-01-02 15:46:50,109.35,109.36
2015-01-02 15:46:51,109.35,109.36
2015-01-02 15:46:52,109.35,109.36
2015-01-02 15:46:53,109.35,109.36
2015-01-02 15:46:54,109.35,109.36
2015-01-02 15:46:55,109.35,109.36
2015-01-02 15:46:56,109.35,109.36
2015-01-02 15:46:57,109.35,109.36
2015-01-02 15:46:58,109.36,109.37
2015-01-02 15:46:59,109.37,109.38
2015-01-02 15:47:00,109.38,109.39
2015-01-02 15:47:01,109.38,109.39
2015-01-02 15:47:02,109.38,109.39
2015-01-02 15:47:03,109.39,109.4
2015-01-02 15:47:04,109.39,109.4
2015-01-02 15:47:05,109.39,109.4
2015-01-02 15:47:06,109.39,109.4
2015-01-02 15:47:07,109.39,109.4
2015-01-02 15:47:08,109.39,109.4
2015-01-02 15:47:09,109.39,109.4
2015-01-02 15:47:10,109.41,109.42
2015-01-02 15:47:11,109.41,109.42
2015-01-02 15:47:12,109.4,109.41
2015-01-02 15:47:13,109.41,109.42
2015-01-02 15:47:14,109.4,109.41
2015-01-02 15:47:15,109.4,109.41
2015-01-02 15:47:16,109.4,109.41
2015-01-02 15:47:17,109.38,109.39
2015-01-02 15:47:18,109.38,109.39
2015-01-02 15:47:19,109.36,109.38
2015-01-02 15:47:20,109.34,109.35
2015-01-02 15:47:21,109.34,109.36
2015-01-02 15:47:22,109.34,109.36
2015-01-02 15:47:23,109.36,109.37
2015-01-02 15:47:24,109.34,109.36
2015-01-02 15:47:25,109.35,109.36
2015-01-02 15:47:26,109.35,109.36
2015-01-02 15:47:27,109.35,109.36
2015-01-02 15:47:28,109.35,109.36
2015-01-02 15:47:29,109.34,109.35
2015-01-02 15:47:30,109.31,109.33
2015-01-02 15:47:31,109.31,109.32
2015-01-02 15:47:32,109.31,109.33
2015-01-02 15:47:33,109.31,109.32
2015-01-02 15:47:34,109.31,109.32
2015-01-02 15:47:35,109.3,109.31
2015-01-02 15:47:36,109.31,109.32
2015-01-02 15:47:37,109.29,109.3
2015-01-02 15:47:38,109.29,109.3
2015-01-02 15:47:39,109.29,109.3
2015-01-02 15:47:40,109.29,109.3
2015-01-02 15:47:41,109.29,109.3
2015-01-02 15:47:42,109.28,109.29
2015-01-02 15:47:43,109.28,109.3
2015-01-02 15:47:44,109.29,109.3
2015-01-02 15:47:45,109.29,109.3
2015-01-02 15:47:46,109.29,109.3
2015-01-02 15:47:47,109.29,109.3
2015-01-02 15:47:48,109.29,109.3
2015-01-02 15:47:49,109.29,109.3
2015-01-02 15:47:50,109.29,109.3
2015-01-02 15:47:51,109.29,109.3
2015-01-02 15:47:52,109.29,109.3
2015-01-02 15:47:53,109.29,109.3
2015-01-02 15:47:54,109.29,109.3
2015-01-02 15:47:55,109.29,109.3
2015-01-02 15:47:56,109.29,109.3
2015-01-02 15:47:57,109.29,109.3
2015-01-02 15:47:58,109.29,109.3
2015-01-02 15:47:59,109.29,109.3
2015-01-02 15:48:00,109.29,109.3
2015-01-02 15:48:01,109.29,109.3
2015-01-02 15:48:02,109.3,109.31
2015-01-02 15:48:03,109.3,109.31
2015-01-02 15:48:04,109.33,109.34
2015-01-02 15:48:05,109.33,109.34
2015-01-02 15:48:06,109.33,109.34
2015-01-02 15:48:07,109.33,109.34
2015-01-02 15:48:08,109.34,109.35
2015-01-02 15:48:09,109.34,109.35
2015-01-02 15:48:10,109.34,109.35
2015-01-02 15:48:11,109.34,109.35
2015-01-02 15:48:12,109.33,109.34
2015-01-02 15:48:13,109.33,109.34
2015-01-02 15:48:14,109.33,109.34
2015-01-02 15:48:15,109.33,109.34
2015-01-02 15:48:16,109.33,109.34
2015-01-02 15:48:17,109.33,109.34
2015-01-02 15:48:18,109.32,109.33
2015-01-02 15:48:19,109.32,109.33
2015-01-02 15:48:20,109.3,109.31
2015-01-02 15:48:21,109.3,109.31
2015-01-02 15:48:22,109.3,109.31
2015-01-02 15:48:23,109.3,109.31
2015-01-02 15:48:24,109.3,109.31
2015-01-02 15:48:25,109.3,109.31
2015-01-02 15:48:26,109.3,109.31
2015-01-02 15:48:27,109.29,109.3
2015-01-02 15:48:28,109.29,109.3
2015-01-02 15:48:29,109.29,109.3
2015-01-02 15:48:30,109.27,109.28
2015-01-02 15:48:31,109.26,109.27
2015-01-02 15:48:32,109.24,109.25
2015-01-02 15:48:33,109.24,109.25
2015-01-02 15:48:34,109.24,109.25
2015-01-02 15:48:35,109.25,109.26
2015-01-02 15:48:36,109.25,109.26
2015-01-02 15:48:37,109.23,109.24
2015-01-02 15:48:38,109.23,109.24
2015-01-02 15:48:39,109.23,109.24
2015-01-02 15:48:40,109.24,109.25
2015-01-02 15:48:41,109.24,109.25
2015-01-02 15:48:42,109.25,109.26
2015-01-02 15:48:43,109.27,109.28
2015-01-02 15:48:44,109.28,109.29
2015-01-02 15:48:45,109.28,109.29
2015-01-02 15:48:46,109.29,109.3
2015-01-02 15:48:47,109.3,109.31
2015-01-02 15:48:48,109.29,109.3
2015-01-02 15:48:49,109.28,109.29
2015-01-02 15:48:50,109.28,109.29
2015-01-02 15:48:51,109.28,109.29
2015-01-02 15:48:52,109.28,109.29
2015-01-02 15:48:53,109.29,109.3
2015-01-02 15:48:54,109.3,109.31
2015-01-02 15:48:55,109.3,109.31
2015-01-02 15:48:56,109.29,109.3
2015-01-02 15:48:57,109.28,109.29
2015-01-02 15:48:58,109.29,109.3
2015-01-02 15:48:59,109.28,109.29
2015-01-02 15:49:00,109.28,109.29
2015-01-02 15:49:01,109.28,109.29
2015-01-02 15:49:02,109.28,109.29
2015-01-02 15:49:03,109.28,109.29
2015-01-02 15:49:04,109.27,109.28
2015-01-02 15:49:05,109.27,109.28
2015-01-02 15:49:06,109.28,109.29
2015-01-02 15:49:07,109.29,109.3
2015-01-02 15:49:08,109.28,109.29
2015-01-02 15:49:09,109.29,109.3
2015-01-02 15:49:10,109.3,109.31
2015-01-02 15:49:11,109.3,109.31
2015-01-02 15:49:12,109.3,109.31
2015-01-02 15:49:13,109.3,109.31
2015-01-02 15:49:14,109.3,109.31
2015-01-02 15:49:15,109.28,109.29
2015-01-02 15:49:16,109.28,109.29
