datetime,direct.bid1,direct.ask1
2017-04-13 09:30:00,141.81,141.92
2017-04-13 09:30:01,141.85,141.93
2017-04-13 09:30:02,141.75,141.8
2017-04-13 09:30:03,141.8,141.84
2017-04-13 09:30:04,141.8,141.88
2017-04-13 09:30:05,141.76,141.8
2017-04-13 09:30:06,141.74,141.77
2017-04-13 09:30:07,141.71,141.74
2017-04-13 09:30:08,141.7,141.74
2017-04-13 09:30:09,141.7,141.74
2017-04-13 09:30:10,141.68,141.71
2017-04-13 09:30:11,141.65,141.7
2017-04-13 09:30:12,141.64,141.68
2017-04-13 09:30:13,141.63,141.68
2017-04-13 09:30:14,141.63,141.68
2017-04-13 09:30:15,141.63,141.68
2017-04-13 09:30:16,141.63,141.67
2017-04-13 09:30:17,141.64,141.67
2017-04-13 09:30:18,141.67,141.71
2017-04-13 09:30:19,141.67,141.71
2017-04-13 09:30:20,141.7,141.77
2017-04-13 09:30:21,141.76,141.77
2017-04-13 09:30:22,141.77,141.82
2017-04-13 09:30:23,141.77,141.83
2017-04-13 09:30:24,141.77,141.82
2017-04-13 09:30:25,141.76,141.83
2017-04-13 09:30:26,141.81,141.87
2017-04-13 09:30:27,141.83,141.9
2017-04-13 09:30:28,141.83,141.9
2017-04-13 09:30:29,141.83,141.9
2017-04-13 09:30:30,141.76,141.84
2017-04-13 09:30:31,141.78,141.82
2017-04-13 09:30:32,141.82,141.87
2017-04-13 09:30:33,141.82,141.9
2017-04-13 09:30:34,141.82,141.88
2017-04-13 09:30:35,141.82,141.88
2017-04-13 09:30:36,141.82,141.9
2017-04-13 09:30:37,141.76,141.84
2017-04-13 09:30:38,141.77,141.84
2017-04-13 09:30:39,141.76,141.84
2017-04-13 09:30:40,141.76,141.8
2017-04-13 09:30:41,141.76,141.8
2017-04-13 09:30:42,141.76,141.8
2017-04-13 09:30:43,141.76,141.82
2017-04-13 09:30:44,141.76,141.82
2017-04-13 09:30:45,141.77,141.8
2017-04-13 09:30:46,141.76,141.8
2017-04-13 09:30:47,141.76,141.83
2017-04-13 09:30:48,141.76,141.83
2017-04-13 09:30:49,141.76,141.83
2017-04-13 09:30:50,141.77,141.83
2017-04-13 09:30:51,141.8,141.86
2017-04-13 09:30:52,141.87,141.9
2017-04-13 09:30:53,141.83,141.9
2017-04-13 09:30:54,141.83,141.9
2017-04-13 09:30:55,141.84,141.88
2017-04-13 09:30:56,141.84,141.88
2017-04-13 09:30:57,141.85,141.89
2017-04-13 09:30:58,141.86,141.89
2017-04-13 09:30:59,141.86,141.89
2017-04-13 09:31:00,141.85,141.89
2017-04-13 09:31:01,141.81,141.86
2017-04-13 09:31:02,141.8,141.84
2017-04-13 09:31:03,141.78,141.84
2017-04-13 09:31:04,141.73,141.79
2017-04-13 09:31:05,141.73,141.79
2017-04-13 09:31:06,141.73,141.79
2017-04-13 09:31:07,141.73,141.79
2017-04-13 09:31:08,141.73,141.79
2017-04-13 09:31:09,141.73,141.79
2017-04-13 09:31:10,141.8,141.87
2017-04-13 09:31:11,141.8,141.86
2017-04-13 09:31:12,141.8,141.86
2017-04-13 09:31:13,141.8,141.86
2017-04-13 09:31:14,141.79,141.83
2017-04-13 09:31:15,141.79,141.81
2017-04-13 09:31:16,141.79,141.83
2017-04-13 09:31:17,141.79,141.83
2017-04-13 09:31:18,141.79,141.83
2017-04-13 09:31:19,141.79,141.83
2017-04-13 09:31:20,141.81,141.87
2017-04-13 09:31:21,141.81,141.87
2017-04-13 09:31:22,141.81,141.86
2017-04-13 09:31:23,141.81,141.86
2017-04-13 09:31:24,141.81,141.86
2017-04-13 09:31:25,141.82,141.86
2017-04-13 09:31:26,141.84,141.87
2017-04-13 09:31:27,141.85,141.87
2017-04-13 09:31:28,141.87,141.9
2017-04-13 09:31:29,141.88,141.9
2017-04-13 09:31:30,141.88,141.9
2017-04-13 09:31:31,141.91,141.92
2017-04-13 09:31:32,141.92,141.94
2017-04-13 09:31:33,141.92,141.94
2017-04-13 09:31:34,141.91,141.94
2017-04-13 09:31:35,141.91,141.94
2017-04-13 09:31:36,141.91,141.94
2017-04-13 09:31:37,141.9,141.94
2017-04-13 09:31:38,141.9,141.92
2017-04-13 09:31:39,141.89,141.93
2017-04-13 09:31:40,141.89,141.94
2017-04-13 09:31:41,141.87,141.92
2017-04-13 09:31:42,141.89,141.94
2017-04-13 09:31:43,141.87,141.91
2017-04-13 09:31:44,141.88,141.92
2017-04-13 09:31:45,141.89,141.94
2017-04-13 09:31:46,141.89,141.94
2017-04-13 09:31:47,141.89,141.94
2017-04-13 09:31:48,141.89,141.93
2017-04-13 09:31:49,141.89,141.93
2017-04-13 09:31:50,141.89,141.93
2017-04-13 09:31:51,141.89,141.91
2017-04-13 09:31:52,141.89,141.91
2017-04-13 09:31:53,141.97,141.99
2017-04-13 09:31:54,141.94,141.99
2017-04-13 09:31:55,141.94,141.98
2017-04-13 09:31:56,141.93,141.97
2017-04-13 09:31:57,141.92,141.97
2017-04-13 09:31:58,141.93,141.96
2017-04-13 09:31:59,141.93,141.96
2017-04-13 09:32:00,141.94,141.97
2017-04-13 09:32:01,141.89,141.96
2017-04-13 09:32:02,141.9,141.95
2017-04-13 09:32:03,141.9,141.95
2017-04-13 09:32:04,141.91,141.94
2017-04-13 09:32:05,141.91,141.94
2017-04-13 09:32:06,141.91,141.93
2017-04-13 09:32:07,141.9,141.92
2017-04-13 09:32:08,141.88,141.9
2017-04-13 09:32:09,141.92,141.93
2017-04-13 09:32:10,141.92,141.93
2017-04-13 09:32:11,141.89,141.91
2017-04-13 09:32:12,141.83,141.85
2017-04-13 09:32:13,141.84,141.87
2017-04-13 09:32:14,141.83,141.85
2017-04-13 09:32:15,141.86,141.88
2017-04-13 09:32:16,141.86,141.87
2017-04-13 09:32:17,141.83,141.85
2017-04-13 09:32:18,141.83,141.85
2017-04-13 09:32:19,141.8,141.83
2017-04-13 09:32:20,141.78,141.8
2017-04-13 09:32:21,141.75,141.78
2017-04-13 09:32:22,141.75,141.78
2017-04-13 09:32:23,141.75,141.78
2017-04-13 09:32:24,141.75,141.78
2017-04-13 09:32:25,141.75,141.78
2017-04-13 09:32:26,141.79,141.8
2017-04-13 09:32:27,141.78,141.79
2017-04-13 09:32:28,141.78,141.8
2017-04-13 09:32:29,141.79,141.8
2017-04-13 09:32:30,141.78,141.8
2017-04-13 09:32:31,141.79,141.8
2017-04-13 09:32:32,141.8,141.81
2017-04-13 09:32:33,141.8,141.83
2017-04-13 09:32:34,141.81,141.82
2017-04-13 09:32:35,141.78,141.79
2017-04-13 09:32:36,141.77,141.78
2017-04-13 09:32:37,141.78,141.79
2017-04-13 09:32:38,141.78,141.79
2017-04-13 09:32:39,141.79,141.8
2017-04-13 09:32:40,141.79,141.8
2017-04-13 09:32:41,141.79,141.8
2017-04-13 09:32:42,141.78,141.8
2017-04-13 09:32:43,141.78,141.79
2017-04-13 09:32:44,141.79,141.8
2017-04-13 09:32:45,141.77,141.78
2017-04-13 09:32:46,141.76,141.78
2017-04-13 09:32:47,141.76,141.78
2017-04-13 09:32:48,141.76,141.78
2017-04-13 09:32:49,141.76,141.78
2017-04-13 09:32:50,141.76,141.78
2017-04-13 09:32:51,141.76,141.78
2017-04-13 09:32:52,141.76,141.78
2017-04-13 09:32:53,141.76,141.78
2017-04-13 09:32:54,141.76,141.78
2017-04-13 09:32:55,141.76,141.78
2017-04-13 09:32:56,141.76,141.78
2017-04-13 09:32:57,141.76,141.77
2017-04-13 09:32:58,141.77,141.8
2017-04-13 09:32:59,141.77,141.79
2017-04-13 09:33:00,141.77,141.79
2017-04-13 09:33:01,141.78,141.79
2017-04-13 09:33:02,141.77,141.79
2017-04-13 09:33:03,141.78,141.79
2017-04-13 09:33:04,141.76,141.77
2017-04-13 09:33:05,141.73,141.76
2017-04-13 09:33:06,141.71,141.73
2017-04-13 09:33:07,141.71,141.72
2017-04-13 09:33:08,141.69,141.7
2017-04-13 09:33:09,141.67,141.69
2017-04-13 09:33:10,141.66,141.67
2017-04-13 09:33:11,141.62,141.64
2017-04-13 09:33:12,141.63,141.64
2017-04-13 09:33:13,141.62,141.63
2017-04-13 09:33:14,141.62,141.63
2017-04-13 09:33:15,141.63,141.64
2017-04-13 09:33:16,141.67,141.68
2017-04-13 09:33:17,141.67,141.68
2017-04-13 09:33:18,141.69,141.71
2017-04-13 09:33:19,141.68,141.7
2017-04-13 09:33:20,141.68,141.7
2017-04-13 09:33:21,141.68,141.7
2017-04-13 09:33:22,141.69,141.71
2017-04-13 09:33:23,141.7,141.71
2017-04-13 09:33:24,141.7,141.71
2017-04-13 09:33:25,141.69,141.71
2017-04-13 09:33:26,141.67,141.7
2017-04-13 09:33:27,141.67,141.69
2017-04-13 09:33:28,141.69,141.71
2017-04-13 09:33:29,141.67,141.7
2017-04-13 09:33:30,141.67,141.69
2017-04-13 09:33:31,141.67,141.68
2017-04-13 09:33:32,141.66,141.67
2017-04-13 09:33:33,141.66,141.67
2017-04-13 09:33:34,141.61,141.62
2017-04-13 09:33:35,141.61,141.62
2017-04-13 09:33:36,141.59,141.6
2017-04-13 09:33:37,141.6,141.61
2017-04-13 09:33:38,141.63,141.65
2017-04-13 09:33:39,141.64,141.66
2017-04-13 09:33:40,141.65,141.67
2017-04-13 09:33:41,141.65,141.66
2017-04-13 09:33:42,141.64,141.65
2017-04-13 09:33:43,141.64,141.65
2017-04-13 09:33:44,141.59,141.61
2017-04-13 09:33:45,141.59,141.6
2017-04-13 09:33:46,141.59,141.61
2017-04-13 09:33:47,141.56,141.58
2017-04-13 09:33:48,141.59,141.61
2017-04-13 09:33:49,141.59,141.61
2017-04-13 09:33:50,141.58,141.61
2017-04-13 09:33:51,141.61,141.62
2017-04-13 09:33:52,141.59,141.62
2017-04-13 09:33:53,141.59,141.62
2017-04-13 09:33:54,141.59,141.62
2017-04-13 09:33:55,141.6,141.63
2017-04-13 09:33:56,141.6,141.63
2017-04-13 09:33:57,141.6,141.63
2017-04-13 09:33:58,141.6,141.63
2017-04-13 09:33:59,141.62,141.64
2017-04-13 09:34:00,141.64,141.65
2017-04-13 09:34:01,141.67,141.68
2017-04-13 09:34:02,141.68,141.7
2017-04-13 09:34:03,141.69,141.7
2017-04-13 09:34:04,141.67,141.68
2017-04-13 09:34:05,141.67,141.68
2017-04-13 09:34:06,141.67,141.68
2017-04-13 09:34:07,141.65,141.66
2017-04-13 09:34:08,141.62,141.64
2017-04-13 09:34:09,141.58,141.6
2017-04-13 09:34:10,141.59,141.6
2017-04-13 09:34:11,141.62,141.63
2017-04-13 09:34:12,141.62,141.64
2017-04-13 09:34:13,141.63,141.64
2017-04-13 09:34:14,141.61,141.63
2017-04-13 09:34:15,141.61,141.63
2017-04-13 09:34:16,141.62,141.63
2017-04-13 09:34:17,141.61,141.62
2017-04-13 09:34:18,141.61,141.63
2017-04-13 09:34:19,141.61,141.63
2017-04-13 09:34:20,141.61,141.63
2017-04-13 09:34:21,141.59,141.6
2017-04-13 09:34:22,141.55,141.57
2017-04-13 09:34:23,141.55,141.57
2017-04-13 09:34:24,141.56,141.57
2017-04-13 09:34:25,141.57,141.58
2017-04-13 09:34:26,141.58,141.6
2017-04-13 09:34:27,141.61,141.64
2017-04-13 09:34:28,141.6,141.63
2017-04-13 09:34:29,141.6,141.63
2017-04-13 09:34:30,141.6,141.63
2017-04-13 09:34:31,141.63,141.65
2017-04-13 09:34:32,141.63,141.65
2017-04-13 09:34:33,141.67,141.68
2017-04-13 09:34:34,141.67,141.68
2017-04-13 09:34:35,141.67,141.69
2017-04-13 09:34:36,141.67,141.69
2017-04-13 09:34:37,141.69,141.7
2017-04-13 09:34:38,141.66,141.68
2017-04-13 09:34:39,141.66,141.68
2017-04-13 09:34:40,141.68,141.7
2017-04-13 09:34:41,141.68,141.69
2017-04-13 09:34:42,141.67,141.68
2017-04-13 09:34:43,141.66,141.68
2017-04-13 09:34:44,141.66,141.67
2017-04-13 09:34:45,141.66,141.67
2017-04-13 09:34:46,141.66,141.67
2017-04-13 09:34:47,141.66,141.67
2017-04-13 09:34:48,141.62,141.65
2017-04-13 09:34:49,141.61,141.65
2017-04-13 09:34:50,141.65,141.67
2017-04-13 09:34:51,141.65,141.67
2017-04-13 09:34:52,141.65,141.67
2017-04-13 09:34:53,141.67,141.69
2017-04-13 09:34:54,141.67,141.69
2017-04-13 09:34:55,141.69,141.7
2017-04-13 09:34:56,141.69,141.7
2017-04-13 09:34:57,141.68,141.7
2017-04-13 09:34:58,141.67,141.69
2017-04-13 09:34:59,141.69,141.7
2017-04-13 09:35:00,141.68,141.7
2017-04-13 09:35:01,141.65,141.68
2017-04-13 09:35:02,141.64,141.66
2017-04-13 09:35:03,141.62,141.65
2017-04-13 09:35:04,141.62,141.63
2017-04-13 09:35:05,141.6,141.61
2017-04-13 09:35:06,141.6,141.61
2017-04-13 09:35:07,141.63,141.65
2017-04-13 09:35:08,141.62,141.64
2017-04-13 09:35:09,141.61,141.62
2017-04-13 09:35:10,141.6,141.62
2017-04-13 09:35:11,141.58,141.61
2017-04-13 09:35:12,141.58,141.61
2017-04-13 09:35:13,141.59,141.61
2017-04-13 09:35:14,141.59,141.61
2017-04-13 09:35:15,141.62,141.64
2017-04-13 09:35:16,141.65,141.67
2017-04-13 09:35:17,141.66,141.67
2017-04-13 09:35:18,141.68,141.69
2017-04-13 09:35:19,141.67,141.68
2017-04-13 09:35:20,141.65,141.66
2017-04-13 09:35:21,141.66,141.68
2017-04-13 09:35:22,141.66,141.68
2017-04-13 09:35:23,141.66,141.68
2017-04-13 09:35:24,141.68,141.69
2017-04-13 09:35:25,141.68,141.69
2017-04-13 09:35:26,141.68,141.69
2017-04-13 09:35:27,141.7,141.71
2017-04-13 09:35:28,141.7,141.71
2017-04-13 09:35:29,141.67,141.69
2017-04-13 09:35:30,141.67,141.7
2017-04-13 09:35:31,141.68,141.7
2017-04-13 09:35:32,141.68,141.7
2017-04-13 09:35:33,141.67,141.7
2017-04-13 09:35:34,141.68,141.7
2017-04-13 09:35:35,141.68,141.7
2017-04-13 09:35:36,141.68,141.7
2017-04-13 09:35:37,141.7,141.71
2017-04-13 09:35:38,141.7,141.71
2017-04-13 09:35:39,141.7,141.72
2017-04-13 09:35:40,141.7,141.72
2017-04-13 09:35:41,141.7,141.72
2017-04-13 09:35:42,141.68,141.69
2017-04-13 09:35:43,141.67,141.68
2017-04-13 09:35:44,141.69,141.71
2017-04-13 09:35:45,141.7,141.71
2017-04-13 09:35:46,141.69,141.71
2017-04-13 09:35:47,141.69,141.71
2017-04-13 09:35:48,141.69,141.71
2017-04-13 09:35:49,141.69,141.71
2017-04-13 09:35:50,141.67,141.69
2017-04-13 09:35:51,141.67,141.69
2017-04-13 09:35:52,141.67,141.69
2017-04-13 09:35:53,141.68,141.69
2017-04-13 09:35:54,141.68,141.69
2017-04-13 09:35:55,141.66,141.67
2017-04-13 09:35:56,141.67,141.69
2017-04-13 09:35:57,141.67,141.69
2017-04-13 09:35:58,141.7,141.71
2017-04-13 09:35:59,141.7,141.71
2017-04-13 09:36:00,141.69,141.71
2017-04-13 09:36:01,141.7,141.71
2017-04-13 09:36:02,141.7,141.71
2017-04-13 09:36:03,141.7,141.72
2017-04-13 09:36:04,141.7,141.72
2017-04-13 09:36:05,141.72,141.73
2017-04-13 09:36:06,141.71,141.73
2017-04-13 09:36:07,141.71,141.73
2017-04-13 09:36:08,141.71,141.73
2017-04-13 09:36:09,141.71,141.73
2017-04-13 09:36:10,141.71,141.73
2017-04-13 09:36:11,141.71,141.73
2017-04-13 09:36:12,141.72,141.73
2017-04-13 09:36:13,141.72,141.73
2017-04-13 09:36:14,141.73,141.74
2017-04-13 09:36:15,141.72,141.74
2017-04-13 09:36:16,141.72,141.74
2017-04-13 09:36:17,141.72,141.74
2017-04-13 09:36:18,141.72,141.74
2017-04-13 09:36:19,141.72,141.74
2017-04-13 09:36:20,141.72,141.74
2017-04-13 09:36:21,141.72,141.74
2017-04-13 09:36:22,141.72,141.74
2017-04-13 09:36:23,141.75,141.77
2017-04-13 09:36:24,141.75,141.77
2017-04-13 09:36:25,141.75,141.77
2017-04-13 09:36:26,141.74,141.76
2017-04-13 09:36:27,141.77,141.79
2017-04-13 09:36:28,141.77,141.79
2017-04-13 09:36:29,141.77,141.79
2017-04-13 09:36:30,141.77,141.79
2017-04-13 09:36:31,141.78,141.79
2017-04-13 09:36:32,141.78,141.79
2017-04-13 09:36:33,141.81,141.83
2017-04-13 09:36:34,141.78,141.8
2017-04-13 09:36:35,141.78,141.81
2017-04-13 09:36:36,141.78,141.8
2017-04-13 09:36:37,141.78,141.81
2017-04-13 09:36:38,141.78,141.81
2017-04-13 09:36:39,141.79,141.81
2017-04-13 09:36:40,141.8,141.82
2017-04-13 09:36:41,141.8,141.82
2017-04-13 09:36:42,141.8,141.82
2017-04-13 09:36:43,141.8,141.81
2017-04-13 09:36:44,141.8,141.82
2017-04-13 09:36:45,141.83,141.84
2017-04-13 09:36:46,141.81,141.82
2017-04-13 09:36:47,141.8,141.81
2017-04-13 09:36:48,141.79,141.81
2017-04-13 09:36:49,141.81,141.82
2017-04-13 09:36:50,141.81,141.82
2017-04-13 09:36:51,141.79,141.81
2017-04-13 09:36:52,141.79,141.81
2017-04-13 09:36:53,141.77,141.78
2017-04-13 09:36:54,141.77,141.79
2017-04-13 09:36:55,141.77,141.78
2017-04-13 09:36:56,141.77,141.79
2017-04-13 09:36:57,141.77,141.79
2017-04-13 09:36:58,141.77,141.79
2017-04-13 09:36:59,141.77,141.79
2017-04-13 09:37:00,141.77,141.78
2017-04-13 09:37:01,141.77,141.78
2017-04-13 09:37:02,141.77,141.78
2017-04-13 09:37:03,141.77,141.79
2017-04-13 09:37:04,141.77,141.79
2017-04-13 09:37:05,141.77,141.79
2017-04-13 09:37:06,141.78,141.79
2017-04-13 09:37:07,141.78,141.79
2017-04-13 09:37:08,141.78,141.8
2017-04-13 09:37:09,141.78,141.8
2017-04-13 09:37:10,141.78,141.8
2017-04-13 09:37:11,141.78,141.8
2017-04-13 09:37:12,141.78,141.8
2017-04-13 09:37:13,141.78,141.8
2017-04-13 09:37:14,141.79,141.8
2017-04-13 09:37:15,141.78,141.8
2017-04-13 09:37:16,141.78,141.79
2017-04-13 09:37:17,141.78,141.79
2017-04-13 09:37:18,141.78,141.79
2017-04-13 09:37:19,141.78,141.79
2017-04-13 09:37:20,141.78,141.79
2017-04-13 09:37:21,141.76,141.77
2017-04-13 09:37:22,141.76,141.77
2017-04-13 09:37:23,141.75,141.76
2017-04-13 09:37:24,141.75,141.76
2017-04-13 09:37:25,141.75,141.76
2017-04-13 09:37:26,141.76,141.77
2017-04-13 09:37:27,141.76,141.77
2017-04-13 09:37:28,141.76,141.77
2017-04-13 09:37:29,141.76,141.77
2017-04-13 09:37:30,141.76,141.77
2017-04-13 09:37:31,141.74,141.76
2017-04-13 09:37:32,141.73,141.75
2017-04-13 09:37:33,141.73,141.75
2017-04-13 09:37:34,141.76,141.77
2017-04-13 09:37:35,141.76,141.77
2017-04-13 09:37:36,141.78,141.8
2017-04-13 09:37:37,141.78,141.79
2017-04-13 09:37:38,141.77,141.78
2017-04-13 09:37:39,141.78,141.79
2017-04-13 09:37:40,141.78,141.79
2017-04-13 09:37:41,141.77,141.79
2017-04-13 09:37:42,141.77,141.79
2017-04-13 09:37:43,141.79,141.8
2017-04-13 09:37:44,141.78,141.8
2017-04-13 09:37:45,141.78,141.8
2017-04-13 09:37:46,141.79,141.8
2017-04-13 09:37:47,141.79,141.8
2017-04-13 09:37:48,141.79,141.8
2017-04-13 09:37:49,141.79,141.8
2017-04-13 09:37:50,141.8,141.82
2017-04-13 09:37:51,141.8,141.81
2017-04-13 09:37:52,141.8,141.82
2017-04-13 09:37:53,141.77,141.79
2017-04-13 09:37:54,141.77,141.79
2017-04-13 09:37:55,141.76,141.78
2017-04-13 09:37:56,141.78,141.81
2017-04-13 09:37:57,141.77,141.79
2017-04-13 09:37:58,141.77,141.79
2017-04-13 09:37:59,141.77,141.79
2017-04-13 09:38:00,141.78,141.8
2017-04-13 09:38:01,141.78,141.8
2017-04-13 09:38:02,141.77,141.79
2017-04-13 09:38:03,141.77,141.78
2017-04-13 09:38:04,141.77,141.78
2017-04-13 09:38:05,141.77,141.78
2017-04-13 09:38:06,141.75,141.77
2017-04-13 09:38:07,141.75,141.77
2017-04-13 09:38:08,141.73,141.75
2017-04-13 09:38:09,141.73,141.75
2017-04-13 09:38:10,141.71,141.73
2017-04-13 09:38:11,141.69,141.71
2017-04-13 09:38:12,141.71,141.73
2017-04-13 09:38:13,141.71,141.72
2017-04-13 09:38:14,141.72,141.73
2017-04-13 09:38:15,141.71,141.72
2017-04-13 09:38:16,141.73,141.75
2017-04-13 09:38:17,141.73,141.75
2017-04-13 09:38:18,141.73,141.75
2017-04-13 09:38:19,141.71,141.73
2017-04-13 09:38:20,141.71,141.73
2017-04-13 09:38:21,141.73,141.75
2017-04-13 09:38:22,141.74,141.76
2017-04-13 09:38:23,141.74,141.77
2017-04-13 09:38:24,141.75,141.77
2017-04-13 09:38:25,141.75,141.77
2017-04-13 09:38:26,141.75,141.77
2017-04-13 09:38:27,141.76,141.77
2017-04-13 09:38:28,141.76,141.77
2017-04-13 09:38:29,141.76,141.77
2017-04-13 09:38:30,141.76,141.77
2017-04-13 09:38:31,141.76,141.77
2017-04-13 09:38:32,141.77,141.78
2017-04-13 09:38:33,141.77,141.78
2017-04-13 09:38:34,141.76,141.77
2017-04-13 09:38:35,141.75,141.76
2017-04-13 09:38:36,141.74,141.75
2017-04-13 09:38:37,141.74,141.75
2017-04-13 09:38:38,141.73,141.74
2017-04-13 09:38:39,141.73,141.74
2017-04-13 09:38:40,141.73,141.75
2017-04-13 09:38:41,141.74,141.75
2017-04-13 09:38:42,141.73,141.74
2017-04-13 09:38:43,141.72,141.73
2017-04-13 09:38:44,141.73,141.74
2017-04-13 09:38:45,141.73,141.74
2017-04-13 09:38:46,141.7,141.71
2017-04-13 09:38:47,141.7,141.72
2017-04-13 09:38:48,141.7,141.72
2017-04-13 09:38:49,141.7,141.72
2017-04-13 09:38:50,141.7,141.72
2017-04-13 09:38:51,141.7,141.72
2017-04-13 09:38:52,141.7,141.71
2017-04-13 09:38:53,141.7,141.72
2017-04-13 09:38:54,141.72,141.74
2017-04-13 09:38:55,141.75,141.76
2017-04-13 09:38:56,141.76,141.77
2017-04-13 09:38:57,141.76,141.77
2017-04-13 09:38:58,141.74,141.75
2017-04-13 09:38:59,141.75,141.76
2017-04-13 09:39:00,141.75,141.76
2017-04-13 09:39:01,141.74,141.75
2017-04-13 09:39:02,141.74,141.75
2017-04-13 09:39:03,141.73,141.74
2017-04-13 09:39:04,141.71,141.73
2017-04-13 09:39:05,141.73,141.74
2017-04-13 09:39:06,141.73,141.74
2017-04-13 09:39:07,141.72,141.73
2017-04-13 09:39:08,141.72,141.74
2017-04-13 09:39:09,141.72,141.74
2017-04-13 09:39:10,141.71,141.73
2017-04-13 09:39:11,141.71,141.73
2017-04-13 09:39:12,141.71,141.73
2017-04-13 09:39:13,141.71,141.73
2017-04-13 09:39:14,141.71,141.73
2017-04-13 09:39:15,141.73,141.75
2017-04-13 09:39:16,141.74,141.75
2017-04-13 09:39:17,141.74,141.75
2017-04-13 09:39:18,141.75,141.76
2017-04-13 09:39:19,141.75,141.76
2017-04-13 09:39:20,141.76,141.77
2017-04-13 09:39:21,141.76,141.77
2017-04-13 09:39:22,141.77,141.78
2017-04-13 09:39:23,141.76,141.78
2017-04-13 09:39:24,141.76,141.78
2017-04-13 09:39:25,141.78,141.79
2017-04-13 09:39:26,141.77,141.78
2017-04-13 09:39:27,141.77,141.78
2017-04-13 09:39:28,141.77,141.78
2017-04-13 09:39:29,141.76,141.77
2017-04-13 09:39:30,141.78,141.79
2017-04-13 09:39:31,141.78,141.79
2017-04-13 09:39:32,141.78,141.79
2017-04-13 09:39:33,141.78,141.79
2017-04-13 09:39:34,141.78,141.79
2017-04-13 09:39:35,141.78,141.79
2017-04-13 09:39:36,141.78,141.79
2017-04-13 09:39:37,141.78,141.79
2017-04-13 09:39:38,141.78,141.79
2017-04-13 09:39:39,141.78,141.79
2017-04-13 09:39:40,141.76,141.77
2017-04-13 09:39:41,141.77,141.79
2017-04-13 09:39:42,141.77,141.79
2017-04-13 09:39:43,141.77,141.79
2017-04-13 09:39:44,141.77,141.78
2017-04-13 09:39:45,141.77,141.78
2017-04-13 09:39:46,141.77,141.78
2017-04-13 09:39:47,141.77,141.78
2017-04-13 09:39:48,141.77,141.78
2017-04-13 09:39:49,141.77,141.78
2017-04-13 09:39:50,141.77,141.78
2017-04-13 09:39:51,141.77,141.78
2017-04-13 09:39:52,141.77,141.78
2017-04-13 09:39:53,141.77,141.78
2017-04-13 09:39:54,141.78,141.79
2017-04-13 09:39:55,141.78,141.79
2017-04-13 09:39:56,141.79,141.8
2017-04-13 09:39:57,141.78,141.79
2017-04-13 09:39:58,141.78,141.79
2017-04-13 09:39:59,141.76,141.78
2017-04-13 09:40:00,141.77,141.78
2017-04-13 09:40:01,141.77,141.78
2017-04-13 09:40:02,141.72,141.73
2017-04-13 09:40:03,141.72,141.73
2017-04-13 09:40:04,141.7,141.71
2017-04-13 09:40:05,141.71,141.72
2017-04-13 09:40:06,141.69,141.7
2017-04-13 09:40:07,141.69,141.71
2017-04-13 09:40:08,141.68,141.69
2017-04-13 09:40:09,141.67,141.68
2017-04-13 09:40:10,141.65,141.66
2017-04-13 09:40:11,141.65,141.66
2017-04-13 09:40:12,141.66,141.67
2017-04-13 09:40:13,141.66,141.67
2017-04-13 09:40:14,141.66,141.67
2017-04-13 09:40:15,141.66,141.67
2017-04-13 09:40:16,141.65,141.66
2017-04-13 09:40:17,141.63,141.64
2017-04-13 09:40:18,141.65,141.66
2017-04-13 09:40:19,141.63,141.65
2017-04-13 09:40:20,141.62,141.63
2017-04-13 09:40:21,141.61,141.63
2017-04-13 09:40:22,141.61,141.63
2017-04-13 09:40:23,141.62,141.63
2017-04-13 09:40:24,141.62,141.64
2017-04-13 09:40:25,141.63,141.64
2017-04-13 09:40:26,141.62,141.63
2017-04-13 09:40:27,141.62,141.64
2017-04-13 09:40:28,141.63,141.64
2017-04-13 09:40:29,141.62,141.63
2017-04-13 09:40:30,141.63,141.64
2017-04-13 09:40:31,141.65,141.66
2017-04-13 09:40:32,141.65,141.66
2017-04-13 09:40:33,141.61,141.62
2017-04-13 09:40:34,141.6,141.61
2017-04-13 09:40:35,141.61,141.63
2017-04-13 09:40:36,141.61,141.62
2017-04-13 09:40:37,141.61,141.62
2017-04-13 09:40:38,141.61,141.62
2017-04-13 09:40:39,141.61,141.63
2017-04-13 09:40:40,141.61,141.63
2017-04-13 09:40:41,141.59,141.61
2017-04-13 09:40:42,141.58,141.59
2017-04-13 09:40:43,141.59,141.6
2017-04-13 09:40:44,141.59,141.61
2017-04-13 09:40:45,141.59,141.61
2017-04-13 09:40:46,141.59,141.61
2017-04-13 09:40:47,141.6,141.61
2017-04-13 09:40:48,141.61,141.62
2017-04-13 09:40:49,141.61,141.63
2017-04-13 09:40:50,141.62,141.63
2017-04-13 09:40:51,141.62,141.63
2017-04-13 09:40:52,141.63,141.64
2017-04-13 09:40:53,141.62,141.64
2017-04-13 09:40:54,141.62,141.64
2017-04-13 09:40:55,141.62,141.63
2017-04-13 09:40:56,141.62,141.63
2017-04-13 09:40:57,141.63,141.64
2017-04-13 09:40:58,141.63,141.64
2017-04-13 09:40:59,141.63,141.64
2017-04-13 09:41:00,141.63,141.65
2017-04-13 09:41:01,141.63,141.64
2017-04-13 09:41:02,141.63,141.64
2017-04-13 09:41:03,141.65,141.66
2017-04-13 09:41:04,141.66,141.68
2017-04-13 09:41:05,141.67,141.68
2017-04-13 09:41:06,141.67,141.68
2017-04-13 09:41:07,141.69,141.7
2017-04-13 09:41:08,141.69,141.7
2017-04-13 09:41:09,141.68,141.69
2017-04-13 09:41:10,141.66,141.68
2017-04-13 09:41:11,141.66,141.68
2017-04-13 09:41:12,141.7,141.72
2017-04-13 09:41:13,141.71,141.72
2017-04-13 09:41:14,141.71,141.72
2017-04-13 09:41:15,141.71,141.72
2017-04-13 09:41:16,141.71,141.72
2017-04-13 09:41:17,141.71,141.72
2017-04-13 09:41:18,141.69,141.7
2017-04-13 09:41:19,141.69,141.7
2017-04-13 09:41:20,141.69,141.7
2017-04-13 09:41:21,141.69,141.7
2017-04-13 09:41:22,141.69,141.7
2017-04-13 09:41:23,141.7,141.71
2017-04-13 09:41:24,141.69,141.71
2017-04-13 09:41:25,141.7,141.71
2017-04-13 09:41:26,141.69,141.71
2017-04-13 09:41:27,141.69,141.71
2017-04-13 09:41:28,141.7,141.71
2017-04-13 09:41:29,141.69,141.7
2017-04-13 09:41:30,141.68,141.69
2017-04-13 09:41:31,141.68,141.7
2017-04-13 09:41:32,141.68,141.7
2017-04-13 09:41:33,141.69,141.71
2017-04-13 09:41:34,141.69,141.7
2017-04-13 09:41:35,141.69,141.7
2017-04-13 09:41:36,141.69,141.7
2017-04-13 09:41:37,141.69,141.7
2017-04-13 09:41:38,141.68,141.69
2017-04-13 09:41:39,141.68,141.69
2017-04-13 09:41:40,141.69,141.7
2017-04-13 09:41:41,141.68,141.7
2017-04-13 09:41:42,141.68,141.69
2017-04-13 09:41:43,141.69,141.71
2017-04-13 09:41:44,141.69,141.71
2017-04-13 09:41:45,141.69,141.71
2017-04-13 09:41:46,141.69,141.71
2017-04-13 09:41:47,141.69,141.71
2017-04-13 09:41:48,141.69,141.71
2017-04-13 09:41:49,141.71,141.72
2017-04-13 09:41:50,141.71,141.72
2017-04-13 09:41:51,141.71,141.72
2017-04-13 09:41:52,141.71,141.72
2017-04-13 09:41:53,141.71,141.73
2017-04-13 09:41:54,141.71,141.73
2017-04-13 09:41:55,141.71,141.73
2017-04-13 09:41:56,141.71,141.73
2017-04-13 09:41:57,141.69,141.7
2017-04-13 09:41:58,141.67,141.68
2017-04-13 09:41:59,141.65,141.66
2017-04-13 09:42:00,141.66,141.67
2017-04-13 09:42:01,141.66,141.68
2017-04-13 09:42:02,141.66,141.68
2017-04-13 09:42:03,141.66,141.67
2017-04-13 09:42:04,141.65,141.66
2017-04-13 09:42:05,141.66,141.67
2017-04-13 09:42:06,141.65,141.66
2017-04-13 09:42:07,141.65,141.67
2017-04-13 09:42:08,141.65,141.67
2017-04-13 09:42:09,141.67,141.69
2017-04-13 09:42:10,141.69,141.7
2017-04-13 09:42:11,141.69,141.7
2017-04-13 09:42:12,141.69,141.7
2017-04-13 09:42:13,141.7,141.71
2017-04-13 09:42:14,141.71,141.72
2017-04-13 09:42:15,141.7,141.72
2017-04-13 09:42:16,141.7,141.71
2017-04-13 09:42:17,141.7,141.71
2017-04-13 09:42:18,141.71,141.72
2017-04-13 09:42:19,141.71,141.71
2017-04-13 09:42:20,141.7,141.72
2017-04-13 09:42:21,141.7,141.72
2017-04-13 09:42:22,141.7,141.72
2017-04-13 09:42:23,141.7,141.72
2017-04-13 09:42:24,141.71,141.72
2017-04-13 09:42:25,141.71,141.72
2017-04-13 09:42:26,141.71,141.72
2017-04-13 09:42:27,141.71,141.72
2017-04-13 09:42:28,141.71,141.72
2017-04-13 09:42:29,141.71,141.72
2017-04-13 09:42:30,141.72,141.73
2017-04-13 09:42:31,141.7,141.71
2017-04-13 09:42:32,141.7,141.71
2017-04-13 09:42:33,141.7,141.71
2017-04-13 09:42:34,141.7,141.71
2017-04-13 09:42:35,141.69,141.7
2017-04-13 09:42:36,141.69,141.7
2017-04-13 09:42:37,141.7,141.71
2017-04-13 09:42:38,141.68,141.69
2017-04-13 09:42:39,141.68,141.69
2017-04-13 09:42:40,141.68,141.7
2017-04-13 09:42:41,141.68,141.7
2017-04-13 09:42:42,141.7,141.71
2017-04-13 09:42:43,141.7,141.71
2017-04-13 09:42:44,141.67,141.69
2017-04-13 09:42:45,141.67,141.69
2017-04-13 09:42:46,141.68,141.69
2017-04-13 09:42:47,141.68,141.69
2017-04-13 09:42:48,141.66,141.67
2017-04-13 09:42:49,141.66,141.67
2017-04-13 09:42:50,141.64,141.66
2017-04-13 09:42:51,141.66,141.68
2017-04-13 09:42:52,141.66,141.67
2017-04-13 09:42:53,141.66,141.67
2017-04-13 09:42:54,141.66,141.67
2017-04-13 09:42:55,141.67,141.68
2017-04-13 09:42:56,141.67,141.68
2017-04-13 09:42:57,141.67,141.68
2017-04-13 09:42:58,141.65,141.66
2017-04-13 09:42:59,141.64,141.66
2017-04-13 09:43:00,141.65,141.66
2017-04-13 09:43:01,141.66,141.67
2017-04-13 09:43:02,141.65,141.67
2017-04-13 09:43:03,141.66,141.68
2017-04-13 09:43:04,141.67,141.68
2017-04-13 09:43:05,141.68,141.69
2017-04-13 09:43:06,141.69,141.7
2017-04-13 09:43:07,141.69,141.7
2017-04-13 09:43:08,141.69,141.7
2017-04-13 09:43:09,141.69,141.7
2017-04-13 09:43:10,141.68,141.69
2017-04-13 09:43:11,141.68,141.69
2017-04-13 09:43:12,141.67,141.68
2017-04-13 09:43:13,141.67,141.68
2017-04-13 09:43:14,141.66,141.67
2017-04-13 09:43:15,141.67,141.68
2017-04-13 09:43:16,141.67,141.68
2017-04-13 09:43:17,141.67,141.68
2017-04-13 09:43:18,141.69,141.7
2017-04-13 09:43:19,141.69,141.7
2017-04-13 09:43:20,141.69,141.7
2017-04-13 09:43:21,141.69,141.7
2017-04-13 09:43:22,141.68,141.69
2017-04-13 09:43:23,141.68,141.69
2017-04-13 09:43:24,141.68,141.69
2017-04-13 09:43:25,141.68,141.69
2017-04-13 09:43:26,141.68,141.69
2017-04-13 09:43:27,141.66,141.68
2017-04-13 09:43:28,141.64,141.66
2017-04-13 09:43:29,141.64,141.65
2017-04-13 09:43:30,141.64,141.65
2017-04-13 09:43:31,141.63,141.64
2017-04-13 09:43:32,141.64,141.65
2017-04-13 09:43:33,141.63,141.65
2017-04-13 09:43:34,141.63,141.65
2017-04-13 09:43:35,141.63,141.64
2017-04-13 09:43:36,141.62,141.63
2017-04-13 09:43:37,141.62,141.63
2017-04-13 09:43:38,141.64,141.65
2017-04-13 09:43:39,141.64,141.65
2017-04-13 09:43:40,141.65,141.66
2017-04-13 09:43:41,141.66,141.67
2017-04-13 09:43:42,141.65,141.66
2017-04-13 09:43:43,141.64,141.66
2017-04-13 09:43:44,141.64,141.65
2017-04-13 09:43:45,141.63,141.64
2017-04-13 09:43:46,141.61,141.63
2017-04-13 09:43:47,141.61,141.63
2017-04-13 09:43:48,141.63,141.64
2017-04-13 09:43:49,141.59,141.6
2017-04-13 09:43:50,141.59,141.6
2017-04-13 09:43:51,141.61,141.63
2017-04-13 09:43:52,141.63,141.64
2017-04-13 09:43:53,141.63,141.64
2017-04-13 09:43:54,141.61,141.62
2017-04-13 09:43:55,141.61,141.62
2017-04-13 09:43:56,141.61,141.62
2017-04-13 09:43:57,141.61,141.62
2017-04-13 09:43:58,141.61,141.62
2017-04-13 09:43:59,141.61,141.62
2017-04-13 09:44:00,141.63,141.64
2017-04-13 09:44:01,141.63,141.64
2017-04-13 09:44:02,141.63,141.64
2017-04-13 09:44:03,141.63,141.64
2017-04-13 09:44:04,141.63,141.64
2017-04-13 09:44:05,141.64,141.65
2017-04-13 09:44:06,141.68,141.69
2017-04-13 09:44:07,141.65,141.66
2017-04-13 09:44:08,141.65,141.66
2017-04-13 09:44:09,141.65,141.66
2017-04-13 09:44:10,141.65,141.66
2017-04-13 09:44:11,141.66,141.68
2017-04-13 09:44:12,141.67,141.68
2017-04-13 09:44:13,141.66,141.68
2017-04-13 09:44:14,141.68,141.69
2017-04-13 09:44:15,141.68,141.69
2017-04-13 09:44:16,141.68,141.7
2017-04-13 09:44:17,141.68,141.69
2017-04-13 09:44:18,141.67,141.69
2017-04-13 09:44:19,141.66,141.68
2017-04-13 09:44:20,141.66,141.68
2017-04-13 09:44:21,141.69,141.7
2017-04-13 09:44:22,141.68,141.7
2017-04-13 09:44:23,141.69,141.7
2017-04-13 09:44:24,141.69,141.7
2017-04-13 09:44:25,141.69,141.7
2017-04-13 09:44:26,141.69,141.7
2017-04-13 09:44:27,141.69,141.7
2017-04-13 09:44:28,141.69,141.7
2017-04-13 09:44:29,141.68,141.69
2017-04-13 09:44:30,141.68,141.69
2017-04-13 09:44:31,141.68,141.69
2017-04-13 09:44:32,141.68,141.69
2017-04-13 09:44:33,141.68,141.69
2017-04-13 09:44:34,141.68,141.69
2017-04-13 09:44:35,141.68,141.69
2017-04-13 09:44:36,141.68,141.69
2017-04-13 09:44:37,141.68,141.69
2017-04-13 09:44:38,141.67,141.69
2017-04-13 09:44:39,141.68,141.69
2017-04-13 09:44:40,141.67,141.68
2017-04-13 09:44:41,141.67,141.69
2017-04-13 09:44:42,141.68,141.69
2017-04-13 09:44:43,141.68,141.69
2017-04-13 09:44:44,141.7,141.71
2017-04-13 09:44:45,141.72,141.73
2017-04-13 09:44:46,141.71,141.73
2017-04-13 09:44:47,141.71,141.73
2017-04-13 09:44:48,141.73,141.74
2017-04-13 09:44:49,141.73,141.75
2017-04-13 09:44:50,141.74,141.75
2017-04-13 09:44:51,141.72,141.74
2017-04-13 09:44:52,141.72,141.74
2017-04-13 09:44:53,141.72,141.73
2017-04-13 09:44:54,141.73,141.74
2017-04-13 09:44:55,141.74,141.75
2017-04-13 09:44:56,141.73,141.75
2017-04-13 09:44:57,141.73,141.74
2017-04-13 09:44:58,141.71,141.72
2017-04-13 09:44:59,141.71,141.72
2017-04-13 09:45:00,141.71,141.73
2017-04-13 09:45:01,141.71,141.72
2017-04-13 09:45:02,141.69,141.7
2017-04-13 09:45:03,141.71,141.73
2017-04-13 09:45:04,141.72,141.73
2017-04-13 09:45:05,141.7,141.71
2017-04-13 09:45:06,141.7,141.71
2017-04-13 09:45:07,141.67,141.69
2017-04-13 09:45:08,141.68,141.69
2017-04-13 09:45:09,141.67,141.68
2017-04-13 09:45:10,141.67,141.68
2017-04-13 09:45:11,141.68,141.69
2017-04-13 09:45:12,141.68,141.69
2017-04-13 09:45:13,141.69,141.7
2017-04-13 09:45:14,141.69,141.71
2017-04-13 09:45:15,141.69,141.7
2017-04-13 09:45:16,141.69,141.7
2017-04-13 09:45:17,141.68,141.69
2017-04-13 09:45:18,141.67,141.69
2017-04-13 09:45:19,141.67,141.69
2017-04-13 09:45:20,141.66,141.68
2017-04-13 09:45:21,141.66,141.67
2017-04-13 09:45:22,141.66,141.68
2017-04-13 09:45:23,141.66,141.68
2017-04-13 09:45:24,141.67,141.68
2017-04-13 09:45:25,141.68,141.69
2017-04-13 09:45:26,141.69,141.7
2017-04-13 09:45:27,141.7,141.71
2017-04-13 09:45:28,141.7,141.71
2017-04-13 09:45:29,141.7,141.71
2017-04-13 09:45:30,141.7,141.71
2017-04-13 09:45:31,141.7,141.71
2017-04-13 09:45:32,141.69,141.7
2017-04-13 09:45:33,141.69,141.7
2017-04-13 09:45:34,141.69,141.7
2017-04-13 09:45:35,141.7,141.72
2017-04-13 09:45:36,141.72,141.73
2017-04-13 09:45:37,141.72,141.73
2017-04-13 09:45:38,141.72,141.73
2017-04-13 09:45:39,141.72,141.73
2017-04-13 09:45:40,141.72,141.73
2017-04-13 09:45:41,141.7,141.71
2017-04-13 09:45:42,141.7,141.71
2017-04-13 09:45:43,141.7,141.71
2017-04-13 09:45:44,141.69,141.71
2017-04-13 09:45:45,141.69,141.71
2017-04-13 09:45:46,141.69,141.7
2017-04-13 09:45:47,141.69,141.7
2017-04-13 09:45:48,141.68,141.69
2017-04-13 09:45:49,141.68,141.69
2017-04-13 09:45:50,141.68,141.69
2017-04-13 09:45:51,141.68,141.69
2017-04-13 09:45:52,141.68,141.69
2017-04-13 09:45:53,141.68,141.69
2017-04-13 09:45:54,141.67,141.68
2017-04-13 09:45:55,141.67,141.68
2017-04-13 09:45:56,141.67,141.68
2017-04-13 09:45:57,141.67,141.68
2017-04-13 09:45:58,141.67,141.68
2017-04-13 09:45:59,141.67,141.68
2017-04-13 09:46:00,141.69,141.7
2017-04-13 09:46:01,141.7,141.7
2017-04-13 09:46:02,141.7,141.71
2017-04-13 09:46:03,141.69,141.7
2017-04-13 09:46:04,141.69,141.7
2017-04-13 09:46:05,141.69,141.7
2017-04-13 09:46:06,141.69,141.71
2017-04-13 09:46:07,141.69,141.71
2017-04-13 09:46:08,141.69,141.7
2017-04-13 09:46:09,141.69,141.7
2017-04-13 09:46:10,141.69,141.7
2017-04-13 09:46:11,141.69,141.7
2017-04-13 09:46:12,141.68,141.69
2017-04-13 09:46:13,141.69,141.7
2017-04-13 09:46:14,141.69,141.7
2017-04-13 09:46:15,141.69,141.71
2017-04-13 09:46:16,141.69,141.7
2017-04-13 09:46:17,141.69,141.71
2017-04-13 09:46:18,141.69,141.71
2017-04-13 09:46:19,141.69,141.71
2017-04-13 09:46:20,141.7,141.71
2017-04-13 09:46:21,141.71,141.72
2017-04-13 09:46:22,141.71,141.73
2017-04-13 09:46:23,141.72,141.73
2017-04-13 09:46:24,141.72,141.73
2017-04-13 09:46:25,141.72,141.73
2017-04-13 09:46:26,141.72,141.73
2017-04-13 09:46:27,141.73,141.74
2017-04-13 09:46:28,141.73,141.75
2017-04-13 09:46:29,141.74,141.75
2017-04-13 09:46:30,141.74,141.76
2017-04-13 09:46:31,141.74,141.75
2017-04-13 09:46:32,141.75,141.76
2017-04-13 09:46:33,141.75,141.76
2017-04-13 09:46:34,141.75,141.76
2017-04-13 09:46:35,141.74,141.76
2017-04-13 09:46:36,141.74,141.75
2017-04-13 09:46:37,141.74,141.75
2017-04-13 09:46:38,141.74,141.75
2017-04-13 09:46:39,141.74,141.75
2017-04-13 09:46:40,141.74,141.75
2017-04-13 09:46:41,141.74,141.75
2017-04-13 09:46:42,141.74,141.75
2017-04-13 09:46:43,141.73,141.74
2017-04-13 09:46:44,141.73,141.74
2017-04-13 09:46:45,141.73,141.74
2017-04-13 09:46:46,141.73,141.74
2017-04-13 09:46:47,141.74,141.75
2017-04-13 09:46:48,141.74,141.75
2017-04-13 09:46:49,141.74,141.75
2017-04-13 09:46:50,141.74,141.75
2017-04-13 09:46:51,141.73,141.74
2017-04-13 09:46:52,141.73,141.74
2017-04-13 09:46:53,141.72,141.73
2017-04-13 09:46:54,141.72,141.73
2017-04-13 09:46:55,141.72,141.73
2017-04-13 09:46:56,141.7,141.71
2017-04-13 09:46:57,141.7,141.71
2017-04-13 09:46:58,141.69,141.7
2017-04-13 09:46:59,141.7,141.71
2017-04-13 09:47:00,141.7,141.71
2017-04-13 09:47:01,141.69,141.7
2017-04-13 09:47:02,141.66,141.68
2017-04-13 09:47:03,141.67,141.68
2017-04-13 09:47:04,141.67,141.69
2017-04-13 09:47:05,141.67,141.69
2017-04-13 09:47:06,141.67,141.69
2017-04-13 09:47:07,141.69,141.7
2017-04-13 09:47:08,141.7,141.71
2017-04-13 09:47:09,141.7,141.71
2017-04-13 09:47:10,141.71,141.73
2017-04-13 09:47:11,141.72,141.73
2017-04-13 09:47:12,141.72,141.73
2017-04-13 09:47:13,141.72,141.73
2017-04-13 09:47:14,141.71,141.73
2017-04-13 09:47:15,141.71,141.73
2017-04-13 09:47:16,141.71,141.72
2017-04-13 09:47:17,141.7,141.71
2017-04-13 09:47:18,141.69,141.7
2017-04-13 09:47:19,141.69,141.71
2017-04-13 09:47:20,141.68,141.7
2017-04-13 09:47:21,141.69,141.71
2017-04-13 09:47:22,141.7,141.71
2017-04-13 09:47:23,141.71,141.72
2017-04-13 09:47:24,141.71,141.72
2017-04-13 09:47:25,141.71,141.72
2017-04-13 09:47:26,141.71,141.72
2017-04-13 09:47:27,141.71,141.72
2017-04-13 09:47:28,141.69,141.7
2017-04-13 09:47:29,141.68,141.7
2017-04-13 09:47:30,141.68,141.69
2017-04-13 09:47:31,141.68,141.7
2017-04-13 09:47:32,141.68,141.69
2017-04-13 09:47:33,141.68,141.69
2017-04-13 09:47:34,141.68,141.69
2017-04-13 09:47:35,141.68,141.69
2017-04-13 09:47:36,141.67,141.68
2017-04-13 09:47:37,141.67,141.68
2017-04-13 09:47:38,141.68,141.69
2017-04-13 09:47:39,141.68,141.69
2017-04-13 09:47:40,141.68,141.69
2017-04-13 09:47:41,141.68,141.69
2017-04-13 09:47:42,141.67,141.69
2017-04-13 09:47:43,141.67,141.69
2017-04-13 09:47:44,141.67,141.69
2017-04-13 09:47:45,141.67,141.69
2017-04-13 09:47:46,141.67,141.69
2017-04-13 09:47:47,141.68,141.7
2017-04-13 09:47:48,141.68,141.7
2017-04-13 09:47:49,141.69,141.7
2017-04-13 09:47:50,141.69,141.7
2017-04-13 09:47:51,141.69,141.7
2017-04-13 09:47:52,141.71,141.72
2017-04-13 09:47:53,141.7,141.71
2017-04-13 09:47:54,141.69,141.7
2017-04-13 09:47:55,141.69,141.7
2017-04-13 09:47:56,141.7,141.71
2017-04-13 09:47:57,141.7,141.71
2017-04-13 09:47:58,141.7,141.72
2017-04-13 09:47:59,141.7,141.71
2017-04-13 09:48:00,141.7,141.71
2017-04-13 09:48:01,141.7,141.71
2017-04-13 09:48:02,141.7,141.71
2017-04-13 09:48:03,141.7,141.71
2017-04-13 09:48:04,141.7,141.71
2017-04-13 09:48:05,141.71,141.72
2017-04-13 09:48:06,141.71,141.73
2017-04-13 09:48:07,141.72,141.73
2017-04-13 09:48:08,141.72,141.73
2017-04-13 09:48:09,141.72,141.73
2017-04-13 09:48:10,141.73,141.74
2017-04-13 09:48:11,141.74,141.75
2017-04-13 09:48:12,141.75,141.76
2017-04-13 09:48:13,141.76,141.77
2017-04-13 09:48:14,141.77,141.78
2017-04-13 09:48:15,141.75,141.76
2017-04-13 09:48:16,141.73,141.74
2017-04-13 09:48:17,141.74,141.75
2017-04-13 09:48:18,141.74,141.75
2017-04-13 09:48:19,141.74,141.74
2017-04-13 09:48:20,141.73,141.75
2017-04-13 09:48:21,141.74,141.75
2017-04-13 09:48:22,141.74,141.75
2017-04-13 09:48:23,141.75,141.76
2017-04-13 09:48:24,141.75,141.76
2017-04-13 09:48:25,141.76,141.77
2017-04-13 09:48:26,141.78,141.79
2017-04-13 09:48:27,141.78,141.79
2017-04-13 09:48:28,141.78,141.79
2017-04-13 09:48:29,141.77,141.78
2017-04-13 09:48:30,141.77,141.78
2017-04-13 09:48:31,141.77,141.78
2017-04-13 09:48:32,141.78,141.79
2017-04-13 09:48:33,141.78,141.79
2017-04-13 09:48:34,141.78,141.79
2017-04-13 09:48:35,141.78,141.79
2017-04-13 09:48:36,141.79,141.8
2017-04-13 09:48:37,141.8,141.81
2017-04-13 09:48:38,141.8,141.82
2017-04-13 09:48:39,141.81,141.82
2017-04-13 09:48:40,141.81,141.82
2017-04-13 09:48:41,141.81,141.82
2017-04-13 09:48:42,141.8,141.81
2017-04-13 09:48:43,141.79,141.8
2017-04-13 09:48:44,141.78,141.79
2017-04-13 09:48:45,141.79,141.8
2017-04-13 09:48:46,141.8,141.82
2017-04-13 09:48:47,141.8,141.82
2017-04-13 09:48:48,141.81,141.82
2017-04-13 09:48:49,141.82,141.83
2017-04-13 09:48:50,141.81,141.82
2017-04-13 09:48:51,141.81,141.82
2017-04-13 09:48:52,141.79,141.8
2017-04-13 09:48:53,141.78,141.79
2017-04-13 09:48:54,141.78,141.79
2017-04-13 09:48:55,141.76,141.77
2017-04-13 09:48:56,141.77,141.78
2017-04-13 09:48:57,141.78,141.79
2017-04-13 09:48:58,141.77,141.79
2017-04-13 09:48:59,141.76,141.78
2017-04-13 09:49:00,141.77,141.78
2017-04-13 09:49:01,141.77,141.79
2017-04-13 09:49:02,141.77,141.78
2017-04-13 09:49:03,141.77,141.78
2017-04-13 09:49:04,141.77,141.78
2017-04-13 09:49:05,141.77,141.78
2017-04-13 09:49:06,141.78,141.79
2017-04-13 09:49:07,141.76,141.77
2017-04-13 09:49:08,141.76,141.77
2017-04-13 09:49:09,141.75,141.76
2017-04-13 09:49:10,141.75,141.77
2017-04-13 09:49:11,141.75,141.77
2017-04-13 09:49:12,141.75,141.76
2017-04-13 09:49:13,141.75,141.76
2017-04-13 09:49:14,141.77,141.78
2017-04-13 09:49:15,141.77,141.78
2017-04-13 09:49:16,141.76,141.77
2017-04-13 09:49:17,141.75,141.76
2017-04-13 09:49:18,141.75,141.76
2017-04-13 09:49:19,141.75,141.77
2017-04-13 09:49:20,141.77,141.78
2017-04-13 09:49:21,141.75,141.77
2017-04-13 09:49:22,141.75,141.76
2017-04-13 09:49:23,141.75,141.76
2017-04-13 09:49:24,141.76,141.77
2017-04-13 09:49:25,141.76,141.77
2017-04-13 09:49:26,141.76,141.77
2017-04-13 09:49:27,141.76,141.77
2017-04-13 09:49:28,141.76,141.77
2017-04-13 09:49:29,141.76,141.77
2017-04-13 09:49:30,141.76,141.77
2017-04-13 09:49:31,141.76,141.77
2017-04-13 09:49:32,141.75,141.76
2017-04-13 09:49:33,141.75,141.77
2017-04-13 09:49:34,141.75,141.77
2017-04-13 09:49:35,141.77,141.78
2017-04-13 09:49:36,141.78,141.79
2017-04-13 09:49:37,141.78,141.79
2017-04-13 09:49:38,141.78,141.79
2017-04-13 09:49:39,141.75,141.77
2017-04-13 09:49:40,141.75,141.77
2017-04-13 09:49:41,141.75,141.77
2017-04-13 09:49:42,141.75,141.77
2017-04-13 09:49:43,141.76,141.77
2017-04-13 09:49:44,141.76,141.77
2017-04-13 09:49:45,141.76,141.77
2017-04-13 09:49:46,141.75,141.76
2017-04-13 09:49:47,141.75,141.76
2017-04-13 09:49:48,141.75,141.77
2017-04-13 09:49:49,141.75,141.76
2017-04-13 09:49:50,141.75,141.77
2017-04-13 09:49:51,141.76,141.77
2017-04-13 09:49:52,141.76,141.77
2017-04-13 09:49:53,141.75,141.77
2017-04-13 09:49:54,141.75,141.77
2017-04-13 09:49:55,141.75,141.76
2017-04-13 09:49:56,141.75,141.76
2017-04-13 09:49:57,141.75,141.76
2017-04-13 09:49:58,141.75,141.76
2017-04-13 09:49:59,141.75,141.76
2017-04-13 09:50:00,141.75,141.76
2017-04-13 09:50:01,141.75,141.76
2017-04-13 09:50:02,141.75,141.76
2017-04-13 09:50:03,141.75,141.76
2017-04-13 09:50:04,141.76,141.77
2017-04-13 09:50:05,141.76,141.77
2017-04-13 09:50:06,141.73,141.74
2017-04-13 09:50:07,141.72,141.73
2017-04-13 09:50:08,141.71,141.72
2017-04-13 09:50:09,141.72,141.73
2017-04-13 09:50:10,141.72,141.73
2017-04-13 09:50:11,141.72,141.73
2017-04-13 09:50:12,141.73,141.74
2017-04-13 09:50:13,141.74,141.75
2017-04-13 09:50:14,141.73,141.74
2017-04-13 09:50:15,141.73,141.74
2017-04-13 09:50:16,141.73,141.74
2017-04-13 09:50:17,141.73,141.74
2017-04-13 09:50:18,141.74,141.75
2017-04-13 09:50:19,141.74,141.75
2017-04-13 09:50:20,141.74,141.75
2017-04-13 09:50:21,141.74,141.75
2017-04-13 09:50:22,141.75,141.76
2017-04-13 09:50:23,141.75,141.76
2017-04-13 09:50:24,141.75,141.76
2017-04-13 09:50:25,141.76,141.77
2017-04-13 09:50:26,141.76,141.77
2017-04-13 09:50:27,141.76,141.77
2017-04-13 09:50:28,141.76,141.77
2017-04-13 09:50:29,141.75,141.77
2017-04-13 09:50:30,141.75,141.76
2017-04-13 09:50:31,141.75,141.76
2017-04-13 09:50:32,141.75,141.76
2017-04-13 09:50:33,141.76,141.77
2017-04-13 09:50:34,141.75,141.76
2017-04-13 09:50:35,141.75,141.76
2017-04-13 09:50:36,141.75,141.76
2017-04-13 09:50:37,141.74,141.75
2017-04-13 09:50:38,141.74,141.75
2017-04-13 09:50:39,141.74,141.75
2017-04-13 09:50:40,141.74,141.76
2017-04-13 09:50:41,141.74,141.75
2017-04-13 09:50:42,141.74,141.75
2017-04-13 09:50:43,141.74,141.75
2017-04-13 09:50:44,141.73,141.74
2017-04-13 09:50:45,141.73,141.74
2017-04-13 09:50:46,141.73,141.74
2017-04-13 09:50:47,141.72,141.73
2017-04-13 09:50:48,141.72,141.73
2017-04-13 09:50:49,141.72,141.73
2017-04-13 09:50:50,141.7,141.71
2017-04-13 09:50:51,141.71,141.72
2017-04-13 09:50:52,141.71,141.72
2017-04-13 09:50:53,141.71,141.72
2017-04-13 09:50:54,141.72,141.73
2017-04-13 09:50:55,141.72,141.73
2017-04-13 09:50:56,141.73,141.74
2017-04-13 09:50:57,141.73,141.74
2017-04-13 09:50:58,141.74,141.75
2017-04-13 09:50:59,141.74,141.75
2017-04-13 09:51:00,141.75,141.76
2017-04-13 09:51:01,141.76,141.77
2017-04-13 09:51:02,141.76,141.77
2017-04-13 09:51:03,141.76,141.77
2017-04-13 09:51:04,141.77,141.78
2017-04-13 09:51:05,141.78,141.79
2017-04-13 09:51:06,141.78,141.79
2017-04-13 09:51:07,141.79,141.8
2017-04-13 09:51:08,141.79,141.8
2017-04-13 09:51:09,141.82,141.83
2017-04-13 09:51:10,141.82,141.83
2017-04-13 09:51:11,141.82,141.83
2017-04-13 09:51:12,141.81,141.82
2017-04-13 09:51:13,141.82,141.83
2017-04-13 09:51:14,141.9,141.91
2017-04-13 09:51:15,141.9,141.91
2017-04-13 09:51:16,141.88,141.89
2017-04-13 09:51:17,141.87,141.88
2017-04-13 09:51:18,141.88,141.89
2017-04-13 09:51:19,141.87,141.88
2017-04-13 09:51:20,141.87,141.88
2017-04-13 09:51:21,141.87,141.88
2017-04-13 09:51:22,141.88,141.89
2017-04-13 09:51:23,141.85,141.86
2017-04-13 09:51:24,141.85,141.86
2017-04-13 09:51:25,141.85,141.86
2017-04-13 09:51:26,141.88,141.89
2017-04-13 09:51:27,141.88,141.89
2017-04-13 09:51:28,141.89,141.9
2017-04-13 09:51:29,141.89,141.9
2017-04-13 09:51:30,141.9,141.91
2017-04-13 09:51:31,141.9,141.91
2017-04-13 09:51:32,141.91,141.92
2017-04-13 09:51:33,141.91,141.92
2017-04-13 09:51:34,141.91,141.92
2017-04-13 09:51:35,141.9,141.91
2017-04-13 09:51:36,141.89,141.9
2017-04-13 09:51:37,141.89,141.9
2017-04-13 09:51:38,141.87,141.88
2017-04-13 09:51:39,141.87,141.88
2017-04-13 09:51:40,141.87,141.88
2017-04-13 09:51:41,141.85,141.87
2017-04-13 09:51:42,141.85,141.86
2017-04-13 09:51:43,141.85,141.86
2017-04-13 09:51:44,141.83,141.84
2017-04-13 09:51:45,141.84,141.85
2017-04-13 09:51:46,141.84,141.86
2017-04-13 09:51:47,141.83,141.84
2017-04-13 09:51:48,141.85,141.87
2017-04-13 09:51:49,141.86,141.87
2017-04-13 09:51:50,141.85,141.86
2017-04-13 09:51:51,141.85,141.86
2017-04-13 09:51:52,141.83,141.84
2017-04-13 09:51:53,141.84,141.85
2017-04-13 09:51:54,141.82,141.83
2017-04-13 09:51:55,141.83,141.84
2017-04-13 09:51:56,141.83,141.85
2017-04-13 09:51:57,141.85,141.86
2017-04-13 09:51:58,141.84,141.85
2017-04-13 09:51:59,141.84,141.85
2017-04-13 09:52:00,141.84,141.85
2017-04-13 09:52:01,141.85,141.86
2017-04-13 09:52:02,141.84,141.85
2017-04-13 09:52:03,141.86,141.87
2017-04-13 09:52:04,141.87,141.88
2017-04-13 09:52:05,141.86,141.87
2017-04-13 09:52:06,141.86,141.87
2017-04-13 09:52:07,141.86,141.87
2017-04-13 09:52:08,141.85,141.86
2017-04-13 09:52:09,141.83,141.84
2017-04-13 09:52:10,141.83,141.84
2017-04-13 09:52:11,141.84,141.85
2017-04-13 09:52:12,141.84,141.85
2017-04-13 09:52:13,141.84,141.85
2017-04-13 09:52:14,141.87,141.88
2017-04-13 09:52:15,141.87,141.88
2017-04-13 09:52:16,141.87,141.88
2017-04-13 09:52:17,141.88,141.89
2017-04-13 09:52:18,141.9,141.91
2017-04-13 09:52:19,141.91,141.92
2017-04-13 09:52:20,141.93,141.94
2017-04-13 09:52:21,141.93,141.94
2017-04-13 09:52:22,141.94,141.95
2017-04-13 09:52:23,141.95,141.96
2017-04-13 09:52:24,141.96,141.97
2017-04-13 09:52:25,141.96,141.97
2017-04-13 09:52:26,141.96,141.98
2017-04-13 09:52:27,141.96,141.98
2017-04-13 09:52:28,141.98,141.99
2017-04-13 09:52:29,141.97,141.98
2017-04-13 09:52:30,141.97,141.98
2017-04-13 09:52:31,141.97,141.98
2017-04-13 09:52:32,141.96,141.97
2017-04-13 09:52:33,141.96,141.98
2017-04-13 09:52:34,141.96,141.97
2017-04-13 09:52:35,141.96,141.97
2017-04-13 09:52:36,141.96,141.97
2017-04-13 09:52:37,141.97,141.98
2017-04-13 09:52:38,141.98,141.99
2017-04-13 09:52:39,141.97,141.98
2017-04-13 09:52:40,141.98,141.99
2017-04-13 09:52:41,142.0,142.02
2017-04-13 09:52:42,142.02,142.03
2017-04-13 09:52:43,142.02,142.03
2017-04-13 09:52:44,142.01,142.02
2017-04-13 09:52:45,142.01,142.02
2017-04-13 09:52:46,142.0,142.02
2017-04-13 09:52:47,142.0,142.02
2017-04-13 09:52:48,142.01,142.02
2017-04-13 09:52:49,142.0,142.02
2017-04-13 09:52:50,142.03,142.05
2017-04-13 09:52:51,142.03,142.04
2017-04-13 09:52:52,142.03,142.04
2017-04-13 09:52:53,142.0,142.01
2017-04-13 09:52:54,141.99,142.01
2017-04-13 09:52:55,142.02,142.04
2017-04-13 09:52:56,142.03,142.04
2017-04-13 09:52:57,142.05,142.06
2017-04-13 09:52:58,142.03,142.05
2017-04-13 09:52:59,142.05,142.06
2017-04-13 09:53:00,142.07,142.08
2017-04-13 09:53:01,142.07,142.08
2017-04-13 09:53:02,142.08,142.09
2017-04-13 09:53:03,142.06,142.08
2017-04-13 09:53:04,142.06,142.08
2017-04-13 09:53:05,142.06,142.07
2017-04-13 09:53:06,142.04,142.05
2017-04-13 09:53:07,142.01,142.03
2017-04-13 09:53:08,142.01,142.03
2017-04-13 09:53:09,142.02,142.04
2017-04-13 09:53:10,142.07,142.09
2017-04-13 09:53:11,142.06,142.07
2017-04-13 09:53:12,142.05,142.06
2017-04-13 09:53:13,142.04,142.06
2017-04-13 09:53:14,142.04,142.06
2017-04-13 09:53:15,142.05,142.06
2017-04-13 09:53:16,142.03,142.05
2017-04-13 09:53:17,142.03,142.05
2017-04-13 09:53:18,142.03,142.05
2017-04-13 09:53:19,142.03,142.04
2017-04-13 09:53:20,142.04,142.05
2017-04-13 09:53:21,142.04,142.05
2017-04-13 09:53:22,142.04,142.05
2017-04-13 09:53:23,142.03,142.04
2017-04-13 09:53:24,142.03,142.04
2017-04-13 09:53:25,142.01,142.02
2017-04-13 09:53:26,142.01,142.02
2017-04-13 09:53:27,142.01,142.02
2017-04-13 09:53:28,141.98,141.99
2017-04-13 09:53:29,141.98,142.0
2017-04-13 09:53:30,141.99,142.0
2017-04-13 09:53:31,141.99,142.0
2017-04-13 09:53:32,141.99,142.0
2017-04-13 09:53:33,141.98,141.99
2017-04-13 09:53:34,141.98,141.99
2017-04-13 09:53:35,141.98,141.99
2017-04-13 09:53:36,141.98,141.99
2017-04-13 09:53:37,141.97,141.98
2017-04-13 09:53:38,141.97,141.98
2017-04-13 09:53:39,141.97,141.98
2017-04-13 09:53:40,141.98,141.98
2017-04-13 09:53:41,141.98,141.98
2017-04-13 09:53:42,141.98,141.98
2017-04-13 09:53:43,141.98,141.99
2017-04-13 09:53:44,141.98,141.99
2017-04-13 09:53:45,141.97,141.98
2017-04-13 09:53:46,141.97,141.98
2017-04-13 09:53:47,141.97,141.98
2017-04-13 09:53:48,141.97,141.98
2017-04-13 09:53:49,141.97,141.98
2017-04-13 09:53:50,141.97,141.98
2017-04-13 09:53:51,141.98,141.99
2017-04-13 09:53:52,141.98,141.99
2017-04-13 09:53:53,141.98,141.99
2017-04-13 09:53:54,141.98,141.99
2017-04-13 09:53:55,141.98,141.99
2017-04-13 09:53:56,141.98,142.0
2017-04-13 09:53:57,141.99,142.0
2017-04-13 09:53:58,141.99,142.0
2017-04-13 09:53:59,141.99,142.0
2017-04-13 09:54:00,141.99,142.0
2017-04-13 09:54:01,141.99,142.0
2017-04-13 09:54:02,141.99,142.0
2017-04-13 09:54:03,141.98,141.99
2017-04-13 09:54:04,141.97,141.98
2017-04-13 09:54:05,141.97,141.98
2017-04-13 09:54:06,141.97,141.98
2017-04-13 09:54:07,141.97,141.98
2017-04-13 09:54:08,141.97,141.98
2017-04-13 09:54:09,141.97,141.98
2017-04-13 09:54:10,141.97,141.98
2017-04-13 09:54:11,141.97,141.98
2017-04-13 09:54:12,141.97,141.98
2017-04-13 09:54:13,141.97,141.98
2017-04-13 09:54:14,141.97,141.98
2017-04-13 09:54:15,141.97,141.97
2017-04-13 09:54:16,141.97,141.97
2017-04-13 09:54:17,141.96,141.97
2017-04-13 09:54:18,141.97,141.98
2017-04-13 09:54:19,141.97,141.98
2017-04-13 09:54:20,141.96,141.97
2017-04-13 09:54:21,141.96,141.97
2017-04-13 09:54:22,141.96,141.97
2017-04-13 09:54:23,141.96,141.97
2017-04-13 09:54:24,141.96,141.97
2017-04-13 09:54:25,141.99,142.0
2017-04-13 09:54:26,141.97,141.98
2017-04-13 09:54:27,141.97,141.98
2017-04-13 09:54:28,141.97,141.98
2017-04-13 09:54:29,141.96,141.97
2017-04-13 09:54:30,141.97,141.98
2017-04-13 09:54:31,141.97,141.98
2017-04-13 09:54:32,141.96,141.97
2017-04-13 09:54:33,141.97,141.98
2017-04-13 09:54:34,141.97,141.98
2017-04-13 09:54:35,141.97,141.99
2017-04-13 09:54:36,141.96,141.97
2017-04-13 09:54:37,141.96,141.97
2017-04-13 09:54:38,141.96,141.97
2017-04-13 09:54:39,141.97,141.98
2017-04-13 09:54:40,141.97,141.98
2017-04-13 09:54:41,141.97,141.98
2017-04-13 09:54:42,141.94,141.95
2017-04-13 09:54:43,141.93,141.94
2017-04-13 09:54:44,141.95,141.96
2017-04-13 09:54:45,141.97,141.98
2017-04-13 09:54:46,141.96,141.97
2017-04-13 09:54:47,141.96,141.97
2017-04-13 09:54:48,141.96,141.97
2017-04-13 09:54:49,141.96,141.97
2017-04-13 09:54:50,141.97,141.98
2017-04-13 09:54:51,141.98,141.99
2017-04-13 09:54:52,141.97,141.98
2017-04-13 09:54:53,141.97,141.98
2017-04-13 09:54:54,141.97,141.98
2017-04-13 09:54:55,141.97,141.98
2017-04-13 09:54:56,141.97,141.98
2017-04-13 09:54:57,141.97,141.98
2017-04-13 09:54:58,141.97,141.98
2017-04-13 09:54:59,141.96,141.98
2017-04-13 09:55:00,141.96,141.97
2017-04-13 09:55:01,141.95,141.97
2017-04-13 09:55:02,141.95,141.96
2017-04-13 09:55:03,141.97,141.99
2017-04-13 09:55:04,141.97,141.98
2017-04-13 09:55:05,141.97,141.98
2017-04-13 09:55:06,141.98,141.99
2017-04-13 09:55:07,141.98,141.99
2017-04-13 09:55:08,141.98,141.99
2017-04-13 09:55:09,141.98,141.99
2017-04-13 09:55:10,141.97,141.98
2017-04-13 09:55:11,141.97,141.99
2017-04-13 09:55:12,141.97,141.98
2017-04-13 09:55:13,141.97,141.99
2017-04-13 09:55:14,141.98,141.99
2017-04-13 09:55:15,141.97,141.98
2017-04-13 09:55:16,141.96,141.98
2017-04-13 09:55:17,141.97,141.99
2017-04-13 09:55:18,141.97,141.99
2017-04-13 09:55:19,141.94,141.96
2017-04-13 09:55:20,141.94,141.96
2017-04-13 09:55:21,141.95,141.96
2017-04-13 09:55:22,141.95,141.96
2017-04-13 09:55:23,141.93,141.95
2017-04-13 09:55:24,141.93,141.95
2017-04-13 09:55:25,141.93,141.95
2017-04-13 09:55:26,141.91,141.93
2017-04-13 09:55:27,141.91,141.93
2017-04-13 09:55:28,141.91,141.93
2017-04-13 09:55:29,141.91,141.93
2017-04-13 09:55:30,141.91,141.93
2017-04-13 09:55:31,141.91,141.92
2017-04-13 09:55:32,141.92,141.93
2017-04-13 09:55:33,141.91,141.93
2017-04-13 09:55:34,141.92,141.93
2017-04-13 09:55:35,141.92,141.93
2017-04-13 09:55:36,141.93,141.94
2017-04-13 09:55:37,141.94,141.96
2017-04-13 09:55:38,141.94,141.95
2017-04-13 09:55:39,141.94,141.95
2017-04-13 09:55:40,141.94,141.96
2017-04-13 09:55:41,141.95,141.96
2017-04-13 09:55:42,141.96,141.97
2017-04-13 09:55:43,141.96,141.97
2017-04-13 09:55:44,141.96,141.98
2017-04-13 09:55:45,141.96,141.98
2017-04-13 09:55:46,141.96,141.98
2017-04-13 09:55:47,141.94,141.96
2017-04-13 09:55:48,141.94,141.96
2017-04-13 09:55:49,141.94,141.96
2017-04-13 09:55:50,141.93,141.95
2017-04-13 09:55:51,141.93,141.95
2017-04-13 09:55:52,141.93,141.94
2017-04-13 09:55:53,141.92,141.94
2017-04-13 09:55:54,141.92,141.94
2017-04-13 09:55:55,141.92,141.94
2017-04-13 09:55:56,141.9,141.91
2017-04-13 09:55:57,141.9,141.91
2017-04-13 09:55:58,141.9,141.91
2017-04-13 09:55:59,141.9,141.91
2017-04-13 09:56:00,141.9,141.91
2017-04-13 09:56:01,141.9,141.92
2017-04-13 09:56:02,141.9,141.92
2017-04-13 09:56:03,141.9,141.92
2017-04-13 09:56:04,141.9,141.92
2017-04-13 09:56:05,141.9,141.92
2017-04-13 09:56:06,141.9,141.92
2017-04-13 09:56:07,141.9,141.91
2017-04-13 09:56:08,141.91,141.93
2017-04-13 09:56:09,141.91,141.92
2017-04-13 09:56:10,141.91,141.92
2017-04-13 09:56:11,141.91,141.92
2017-04-13 09:56:12,141.91,141.92
2017-04-13 09:56:13,141.91,141.92
2017-04-13 09:56:14,141.91,141.92
2017-04-13 09:56:15,141.91,141.92
2017-04-13 09:56:16,141.91,141.92
2017-04-13 09:56:17,141.91,141.92
2017-04-13 09:56:18,141.91,141.92
2017-04-13 09:56:19,141.93,141.94
2017-04-13 09:56:20,141.92,141.94
2017-04-13 09:56:21,141.93,141.94
2017-04-13 09:56:22,141.93,141.94
2017-04-13 09:56:23,141.93,141.95
2017-04-13 09:56:24,141.93,141.95
2017-04-13 09:56:25,141.92,141.94
2017-04-13 09:56:26,141.93,141.94
2017-04-13 09:56:27,141.94,141.95
2017-04-13 09:56:28,141.94,141.95
2017-04-13 09:56:29,141.94,141.95
2017-04-13 09:56:30,141.94,141.95
2017-04-13 09:56:31,141.94,141.96
2017-04-13 09:56:32,141.94,141.96
2017-04-13 09:56:33,141.94,141.96
2017-04-13 09:56:34,141.95,141.96
2017-04-13 09:56:35,141.94,141.95
2017-04-13 09:56:36,141.93,141.95
2017-04-13 09:56:37,141.94,141.95
2017-04-13 09:56:38,141.96,141.97
2017-04-13 09:56:39,141.94,141.96
2017-04-13 09:56:40,141.94,141.96
2017-04-13 09:56:41,141.94,141.96
2017-04-13 09:56:42,141.94,141.96
2017-04-13 09:56:43,141.93,141.95
2017-04-13 09:56:44,141.93,141.94
2017-04-13 09:56:45,141.93,141.94
2017-04-13 09:56:46,141.93,141.94
2017-04-13 09:56:47,141.94,141.95
2017-04-13 09:56:48,141.96,141.97
2017-04-13 09:56:49,141.96,141.97
2017-04-13 09:56:50,141.96,141.98
2017-04-13 09:56:51,141.96,141.97
2017-04-13 09:56:52,141.96,141.97
2017-04-13 09:56:53,141.96,141.98
2017-04-13 09:56:54,141.96,141.98
2017-04-13 09:56:55,141.96,141.98
2017-04-13 09:56:56,141.96,141.98
2017-04-13 09:56:57,141.96,141.98
2017-04-13 09:56:58,141.96,141.98
2017-04-13 09:56:59,141.96,141.98
2017-04-13 09:57:00,141.95,141.96
2017-04-13 09:57:01,141.95,141.96
2017-04-13 09:57:02,141.95,141.96
2017-04-13 09:57:03,141.96,141.98
2017-04-13 09:57:04,141.95,141.97
2017-04-13 09:57:05,141.95,141.96
2017-04-13 09:57:06,141.95,141.96
2017-04-13 09:57:07,141.95,141.96
2017-04-13 09:57:08,141.95,141.96
2017-04-13 09:57:09,141.96,141.97
2017-04-13 09:57:10,141.97,141.98
2017-04-13 09:57:11,141.97,141.98
2017-04-13 09:57:12,141.97,141.98
2017-04-13 09:57:13,141.96,141.97
2017-04-13 09:57:14,141.96,141.98
2017-04-13 09:57:15,141.97,141.98
2017-04-13 09:57:16,141.97,141.98
2017-04-13 09:57:17,141.97,141.98
2017-04-13 09:57:18,141.96,141.98
2017-04-13 09:57:19,141.96,141.98
2017-04-13 09:57:20,141.96,141.98
2017-04-13 09:57:21,141.96,141.98
2017-04-13 09:57:22,141.97,141.98
2017-04-13 09:57:23,141.97,141.98
2017-04-13 09:57:24,141.96,141.97
2017-04-13 09:57:25,141.95,141.96
2017-04-13 09:57:26,141.95,141.97
2017-04-13 09:57:27,141.96,141.97
2017-04-13 09:57:28,141.96,141.97
2017-04-13 09:57:29,141.96,141.97
2017-04-13 09:57:30,141.97,141.98
2017-04-13 09:57:31,141.97,141.99
2017-04-13 09:57:32,141.97,141.98
2017-04-13 09:57:33,141.97,141.98
2017-04-13 09:57:34,141.97,141.98
2017-04-13 09:57:35,141.97,141.98
2017-04-13 09:57:36,141.98,141.99
2017-04-13 09:57:37,141.98,142.0
2017-04-13 09:57:38,141.98,141.99
2017-04-13 09:57:39,141.98,141.99
2017-04-13 09:57:40,141.98,141.99
2017-04-13 09:57:41,141.98,141.99
2017-04-13 09:57:42,141.98,141.99
2017-04-13 09:57:43,142.0,142.01
2017-04-13 09:57:44,142.0,142.01
2017-04-13 09:57:45,142.0,142.01
2017-04-13 09:57:46,142.0,142.01
2017-04-13 09:57:47,141.99,142.0
2017-04-13 09:57:48,142.01,142.03
2017-04-13 09:57:49,142.02,142.03
2017-04-13 09:57:50,142.02,142.03
2017-04-13 09:57:51,142.02,142.03
2017-04-13 09:57:52,142.04,142.05
2017-04-13 09:57:53,142.04,142.05
2017-04-13 09:57:54,142.03,142.04
2017-04-13 09:57:55,142.03,142.05
2017-04-13 09:57:56,142.03,142.05
2017-04-13 09:57:57,142.03,142.05
2017-04-13 09:57:58,142.03,142.05
2017-04-13 09:57:59,142.03,142.05
2017-04-13 09:58:00,142.03,142.05
2017-04-13 09:58:01,142.03,142.05
2017-04-13 09:58:02,142.03,142.05
2017-04-13 09:58:03,142.03,142.04
2017-04-13 09:58:04,142.06,142.07
2017-04-13 09:58:05,142.06,142.07
2017-04-13 09:58:06,142.08,142.09
2017-04-13 09:58:07,142.08,142.09
2017-04-13 09:58:08,142.08,142.09
2017-04-13 09:58:09,142.07,142.08
2017-04-13 09:58:10,142.05,142.06
2017-04-13 09:58:11,142.05,142.07
2017-04-13 09:58:12,142.06,142.07
2017-04-13 09:58:13,142.06,142.07
2017-04-13 09:58:14,142.06,142.07
2017-04-13 09:58:15,142.06,142.07
2017-04-13 09:58:16,142.06,142.07
2017-04-13 09:58:17,142.06,142.07
2017-04-13 09:58:18,142.07,142.08
2017-04-13 09:58:19,142.07,142.08
2017-04-13 09:58:20,142.07,142.08
2017-04-13 09:58:21,142.07,142.08
2017-04-13 09:58:22,142.06,142.07
2017-04-13 09:58:23,142.06,142.07
2017-04-13 09:58:24,142.06,142.07
2017-04-13 09:58:25,142.06,142.07
2017-04-13 09:58:26,142.06,142.07
2017-04-13 09:58:27,142.06,142.07
2017-04-13 09:58:28,142.06,142.07
2017-04-13 09:58:29,142.06,142.07
2017-04-13 09:58:30,142.06,142.07
2017-04-13 09:58:31,142.06,142.07
2017-04-13 09:58:32,142.06,142.07
2017-04-13 09:58:33,142.06,142.07
2017-04-13 09:58:34,142.06,142.07
2017-04-13 09:58:35,142.08,142.09
2017-04-13 09:58:36,142.08,142.09
2017-04-13 09:58:37,142.08,142.09
2017-04-13 09:58:38,142.08,142.09
2017-04-13 09:58:39,142.08,142.09
2017-04-13 09:58:40,142.09,142.1
2017-04-13 09:58:41,142.11,142.12
2017-04-13 09:58:42,142.11,142.12
2017-04-13 09:58:43,142.12,142.13
2017-04-13 09:58:44,142.12,142.13
2017-04-13 09:58:45,142.12,142.13
2017-04-13 09:58:46,142.12,142.13
2017-04-13 09:58:47,142.1,142.11
2017-04-13 09:58:48,142.1,142.11
2017-04-13 09:58:49,142.1,142.11
2017-04-13 09:58:50,142.1,142.11
2017-04-13 09:58:51,142.09,142.11
2017-04-13 09:58:52,142.09,142.1
2017-04-13 09:58:53,142.09,142.1
2017-04-13 09:58:54,142.08,142.09
2017-04-13 09:58:55,142.08,142.09
2017-04-13 09:58:56,142.08,142.09
2017-04-13 09:58:57,142.08,142.09
2017-04-13 09:58:58,142.07,142.09
2017-04-13 09:58:59,142.08,142.09
2017-04-13 09:59:00,142.07,142.09
2017-04-13 09:59:01,142.07,142.08
2017-04-13 09:59:02,142.07,142.08
2017-04-13 09:59:03,142.07,142.08
2017-04-13 09:59:04,142.07,142.08
2017-04-13 09:59:05,142.06,142.08
2017-04-13 09:59:06,142.06,142.07
2017-04-13 09:59:07,142.06,142.07
2017-04-13 09:59:08,142.06,142.07
2017-04-13 09:59:09,142.06,142.07
2017-04-13 09:59:10,142.06,142.07
2017-04-13 09:59:11,142.06,142.07
2017-04-13 09:59:12,142.06,142.07
2017-04-13 09:59:13,142.05,142.06
2017-04-13 09:59:14,142.04,142.05
2017-04-13 09:59:15,142.04,142.05
2017-04-13 09:59:16,142.02,142.04
2017-04-13 09:59:17,142.02,142.03
2017-04-13 09:59:18,142.02,142.03
2017-04-13 09:59:19,142.01,142.03
2017-04-13 09:59:20,142.01,142.02
2017-04-13 09:59:21,142.01,142.02
2017-04-13 09:59:22,142.0,142.01
2017-04-13 09:59:23,142.01,142.02
2017-04-13 09:59:24,142.0,142.02
2017-04-13 09:59:25,142.01,142.02
2017-04-13 09:59:26,141.98,141.99
2017-04-13 09:59:27,141.97,141.99
2017-04-13 09:59:28,141.97,141.98
2017-04-13 09:59:29,141.96,141.97
2017-04-13 09:59:30,141.97,141.98
2017-04-13 09:59:31,141.98,141.99
2017-04-13 09:59:32,141.97,141.98
2017-04-13 09:59:33,141.97,141.98
2017-04-13 09:59:34,141.97,141.98
2017-04-13 09:59:35,141.98,141.99
2017-04-13 09:59:36,141.98,142.0
2017-04-13 09:59:37,141.98,142.0
2017-04-13 09:59:38,141.98,141.99
2017-04-13 09:59:39,141.98,141.99
2017-04-13 09:59:40,141.97,141.98
2017-04-13 09:59:41,141.97,141.98
2017-04-13 09:59:42,141.97,141.98
2017-04-13 09:59:43,141.97,141.98
2017-04-13 09:59:44,141.97,141.98
2017-04-13 09:59:45,141.95,141.97
2017-04-13 09:59:46,141.96,141.97
2017-04-13 09:59:47,141.96,141.98
2017-04-13 09:59:48,141.97,141.98
2017-04-13 09:59:49,141.97,141.98
2017-04-13 09:59:50,141.97,141.98
2017-04-13 09:59:51,141.97,141.98
2017-04-13 09:59:52,141.97,141.98
2017-04-13 09:59:53,141.98,141.99
2017-04-13 09:59:54,141.98,142.0
2017-04-13 09:59:55,141.98,142.0
2017-04-13 09:59:56,141.98,142.0
2017-04-13 09:59:57,141.98,142.0
2017-04-13 09:59:58,141.98,142.0
2017-04-13 09:59:59,141.98,142.0
2017-04-13 10:00:00,141.98,141.99
2017-04-13 10:00:01,141.99,142.0
2017-04-13 10:00:02,141.98,141.99
2017-04-13 10:00:03,141.98,142.0
2017-04-13 10:00:04,141.98,142.0
2017-04-13 10:00:05,141.98,141.99
2017-04-13 10:00:06,142.0,142.02
2017-04-13 10:00:07,142.0,142.02
2017-04-13 10:00:08,142.0,142.02
2017-04-13 10:00:09,142.0,142.02
2017-04-13 10:00:10,142.01,142.02
2017-04-13 10:00:11,142.01,142.02
2017-04-13 10:00:12,142.01,142.02
2017-04-13 10:00:13,142.01,142.02
2017-04-13 10:00:14,142.01,142.02
2017-04-13 10:00:15,142.01,142.02
2017-04-13 10:00:16,142.02,142.04
2017-04-13 10:00:17,142.02,142.04
2017-04-13 10:00:18,142.02,142.04
2017-04-13 10:00:19,142.03,142.04
2017-04-13 10:00:20,142.03,142.04
2017-04-13 10:00:21,142.03,142.04
2017-04-13 10:00:22,142.04,142.05
2017-04-13 10:00:23,142.03,142.05
2017-04-13 10:00:24,142.01,142.02
2017-04-13 10:00:25,142.01,142.02
2017-04-13 10:00:26,142.02,142.04
2017-04-13 10:00:27,142.02,142.04
2017-04-13 10:00:28,142.02,142.04
2017-04-13 10:00:29,142.02,142.04
2017-04-13 10:00:30,142.03,142.05
2017-04-13 10:00:31,142.05,142.07
2017-04-13 10:00:32,142.05,142.06
2017-04-13 10:00:33,142.06,142.07
2017-04-13 10:00:34,142.05,142.07
2017-04-13 10:00:35,142.05,142.07
2017-04-13 10:00:36,142.05,142.06
2017-04-13 10:00:37,142.05,142.07
2017-04-13 10:00:38,142.05,142.06
2017-04-13 10:00:39,142.05,142.06
2017-04-13 10:00:40,142.05,142.06
2017-04-13 10:00:41,142.05,142.07
2017-04-13 10:00:42,142.05,142.07
2017-04-13 10:00:43,142.06,142.07
2017-04-13 10:00:44,142.06,142.07
2017-04-13 10:00:45,142.07,142.08
2017-04-13 10:00:46,142.07,142.08
2017-04-13 10:00:47,142.09,142.1
2017-04-13 10:00:48,142.09,142.1
2017-04-13 10:00:49,142.09,142.1
2017-04-13 10:00:50,142.08,142.09
2017-04-13 10:00:51,142.08,142.09
2017-04-13 10:00:52,142.05,142.06
2017-04-13 10:00:53,142.05,142.06
2017-04-13 10:00:54,142.05,142.06
2017-04-13 10:00:55,142.05,142.06
2017-04-13 10:00:56,142.04,142.06
2017-04-13 10:00:57,142.04,142.05
2017-04-13 10:00:58,142.04,142.05
2017-04-13 10:00:59,142.04,142.05
2017-04-13 10:01:00,142.04,142.05
2017-04-13 10:01:01,142.07,142.08
2017-04-13 10:01:02,142.06,142.07
2017-04-13 10:01:03,142.07,142.08
2017-04-13 10:01:04,142.06,142.07
2017-04-13 10:01:05,142.05,142.07
2017-04-13 10:01:06,142.07,142.08
2017-04-13 10:01:07,142.08,142.1
2017-04-13 10:01:08,142.06,142.08
2017-04-13 10:01:09,142.06,142.08
2017-04-13 10:01:10,142.05,142.06
2017-04-13 10:01:11,142.04,142.05
2017-04-13 10:01:12,142.04,142.05
2017-04-13 10:01:13,142.04,142.05
2017-04-13 10:01:14,142.02,142.04
2017-04-13 10:01:15,142.03,142.05
2017-04-13 10:01:16,142.03,142.05
2017-04-13 10:01:17,142.03,142.05
2017-04-13 10:01:18,142.04,142.05
2017-04-13 10:01:19,142.05,142.06
2017-04-13 10:01:20,142.05,142.06
2017-04-13 10:01:21,142.05,142.06
2017-04-13 10:01:22,142.05,142.06
2017-04-13 10:01:23,142.05,142.06
2017-04-13 10:01:24,142.06,142.07
2017-04-13 10:01:25,142.07,142.08
2017-04-13 10:01:26,142.08,142.09
2017-04-13 10:01:27,142.07,142.08
2017-04-13 10:01:28,142.08,142.09
2017-04-13 10:01:29,142.08,142.09
2017-04-13 10:01:30,142.08,142.09
2017-04-13 10:01:31,142.09,142.1
2017-04-13 10:01:32,142.09,142.1
2017-04-13 10:01:33,142.09,142.1
2017-04-13 10:01:34,142.09,142.1
2017-04-13 10:01:35,142.11,142.12
2017-04-13 10:01:36,142.11,142.12
2017-04-13 10:01:37,142.11,142.12
2017-04-13 10:01:38,142.1,142.11
2017-04-13 10:01:39,142.07,142.08
2017-04-13 10:01:40,142.05,142.07
2017-04-13 10:01:41,142.05,142.07
2017-04-13 10:01:42,142.05,142.06
2017-04-13 10:01:43,142.05,142.07
2017-04-13 10:01:44,142.07,142.08
2017-04-13 10:01:45,142.07,142.08
2017-04-13 10:01:46,142.07,142.08
2017-04-13 10:01:47,142.07,142.08
2017-04-13 10:01:48,142.07,142.08
2017-04-13 10:01:49,142.07,142.08
2017-04-13 10:01:50,142.07,142.08
2017-04-13 10:01:51,142.08,142.09
2017-04-13 10:01:52,142.09,142.1
2017-04-13 10:01:53,142.09,142.1
2017-04-13 10:01:54,142.09,142.1
2017-04-13 10:01:55,142.08,142.09
2017-04-13 10:01:56,142.08,142.1
2017-04-13 10:01:57,142.09,142.1
2017-04-13 10:01:58,142.1,142.11
2017-04-13 10:01:59,142.09,142.1
2017-04-13 10:02:00,142.1,142.11
2017-04-13 10:02:01,142.09,142.11
2017-04-13 10:02:02,142.09,142.1
2017-04-13 10:02:03,142.14,142.15
2017-04-13 10:02:04,142.16,142.17
2017-04-13 10:02:05,142.16,142.17
2017-04-13 10:02:06,142.16,142.17
2017-04-13 10:02:07,142.16,142.17
2017-04-13 10:02:08,142.17,142.19
2017-04-13 10:02:09,142.19,142.2
2017-04-13 10:02:10,142.17,142.18
2017-04-13 10:02:11,142.17,142.18
2017-04-13 10:02:12,142.18,142.19
2017-04-13 10:02:13,142.17,142.19
2017-04-13 10:02:14,142.17,142.18
2017-04-13 10:02:15,142.18,142.19
2017-04-13 10:02:16,142.18,142.19
2017-04-13 10:02:17,142.18,142.19
2017-04-13 10:02:18,142.18,142.19
2017-04-13 10:02:19,142.18,142.19
2017-04-13 10:02:20,142.18,142.19
2017-04-13 10:02:21,142.18,142.19
2017-04-13 10:02:22,142.19,142.2
2017-04-13 10:02:23,142.18,142.19
2017-04-13 10:02:24,142.17,142.19
2017-04-13 10:02:25,142.15,142.16
2017-04-13 10:02:26,142.16,142.17
2017-04-13 10:02:27,142.16,142.18
2017-04-13 10:02:28,142.18,142.19
2017-04-13 10:02:29,142.18,142.19
2017-04-13 10:02:30,142.18,142.19
2017-04-13 10:02:31,142.18,142.19
2017-04-13 10:02:32,142.16,142.18
2017-04-13 10:02:33,142.19,142.2
2017-04-13 10:02:34,142.17,142.18
2017-04-13 10:02:35,142.16,142.17
2017-04-13 10:02:36,142.16,142.17
2017-04-13 10:02:37,142.16,142.17
2017-04-13 10:02:38,142.16,142.17
2017-04-13 10:02:39,142.16,142.17
2017-04-13 10:02:40,142.17,142.19
2017-04-13 10:02:41,142.19,142.2
2017-04-13 10:02:42,142.19,142.2
2017-04-13 10:02:43,142.19,142.2
2017-04-13 10:02:44,142.19,142.2
2017-04-13 10:02:45,142.19,142.2
2017-04-13 10:02:46,142.19,142.2
2017-04-13 10:02:47,142.18,142.19
2017-04-13 10:02:48,142.2,142.22
2017-04-13 10:02:49,142.2,142.22
2017-04-13 10:02:50,142.19,142.2
2017-04-13 10:02:51,142.18,142.19
2017-04-13 10:02:52,142.18,142.19
2017-04-13 10:02:53,142.18,142.19
2017-04-13 10:02:54,142.17,142.19
2017-04-13 10:02:55,142.17,142.19
2017-04-13 10:02:56,142.17,142.19
2017-04-13 10:02:57,142.18,142.19
2017-04-13 10:02:58,142.18,142.19
2017-04-13 10:02:59,142.19,142.2
2017-04-13 10:03:00,142.17,142.18
2017-04-13 10:03:01,142.15,142.16
2017-04-13 10:03:02,142.15,142.17
2017-04-13 10:03:03,142.15,142.16
2017-04-13 10:03:04,142.15,142.16
2017-04-13 10:03:05,142.15,142.16
2017-04-13 10:03:06,142.15,142.16
2017-04-13 10:03:07,142.14,142.15
2017-04-13 10:03:08,142.14,142.15
2017-04-13 10:03:09,142.14,142.15
2017-04-13 10:03:10,142.14,142.16
2017-04-13 10:03:11,142.14,142.15
2017-04-13 10:03:12,142.14,142.15
2017-04-13 10:03:13,142.14,142.15
2017-04-13 10:03:14,142.14,142.15
2017-04-13 10:03:15,142.16,142.17
2017-04-13 10:03:16,142.14,142.15
2017-04-13 10:03:17,142.14,142.15
2017-04-13 10:03:18,142.14,142.15
2017-04-13 10:03:19,142.13,142.14
2017-04-13 10:03:20,142.14,142.15
2017-04-13 10:03:21,142.14,142.15
2017-04-13 10:03:22,142.15,142.16
2017-04-13 10:03:23,142.15,142.16
2017-04-13 10:03:24,142.14,142.15
2017-04-13 10:03:25,142.15,142.16
2017-04-13 10:03:26,142.15,142.16
2017-04-13 10:03:27,142.15,142.16
2017-04-13 10:03:28,142.15,142.16
2017-04-13 10:03:29,142.15,142.16
2017-04-13 10:03:30,142.15,142.16
2017-04-13 10:03:31,142.15,142.16
2017-04-13 10:03:32,142.14,142.15
2017-04-13 10:03:33,142.14,142.15
2017-04-13 10:03:34,142.13,142.14
2017-04-13 10:03:35,142.14,142.15
2017-04-13 10:03:36,142.16,142.17
2017-04-13 10:03:37,142.16,142.17
2017-04-13 10:03:38,142.16,142.17
2017-04-13 10:03:39,142.16,142.17
2017-04-13 10:03:40,142.16,142.17
2017-04-13 10:03:41,142.16,142.17
2017-04-13 10:03:42,142.16,142.17
2017-04-13 10:03:43,142.16,142.17
2017-04-13 10:03:44,142.16,142.17
2017-04-13 10:03:45,142.16,142.17
2017-04-13 10:03:46,142.16,142.17
2017-04-13 10:03:47,142.16,142.17
2017-04-13 10:03:48,142.16,142.17
2017-04-13 10:03:49,142.16,142.17
2017-04-13 10:03:50,142.16,142.17
2017-04-13 10:03:51,142.16,142.17
2017-04-13 10:03:52,142.16,142.17
2017-04-13 10:03:53,142.17,142.18
2017-04-13 10:03:54,142.17,142.18
2017-04-13 10:03:55,142.17,142.18
2017-04-13 10:03:56,142.17,142.18
2017-04-13 10:03:57,142.17,142.18
2017-04-13 10:03:58,142.17,142.18
2017-04-13 10:03:59,142.17,142.18
2017-04-13 10:04:00,142.17,142.18
2017-04-13 10:04:01,142.17,142.18
2017-04-13 10:04:02,142.17,142.18
2017-04-13 10:04:03,142.16,142.17
2017-04-13 10:04:04,142.13,142.15
2017-04-13 10:04:05,142.14,142.15
2017-04-13 10:04:06,142.15,142.16
2017-04-13 10:04:07,142.15,142.16
2017-04-13 10:04:08,142.15,142.16
2017-04-13 10:04:09,142.15,142.16
2017-04-13 10:04:10,142.14,142.15
2017-04-13 10:04:11,142.14,142.15
2017-04-13 10:04:12,142.14,142.15
2017-04-13 10:04:13,142.14,142.15
2017-04-13 10:04:14,142.15,142.16
2017-04-13 10:04:15,142.17,142.18
2017-04-13 10:04:16,142.17,142.18
2017-04-13 10:04:17,142.17,142.18
2017-04-13 10:04:18,142.17,142.18
2017-04-13 10:04:19,142.18,142.19
2017-04-13 10:04:20,142.15,142.16
2017-04-13 10:04:21,142.16,142.17
2017-04-13 10:04:22,142.15,142.16
2017-04-13 10:04:23,142.13,142.14
2017-04-13 10:04:24,142.13,142.15
2017-04-13 10:04:25,142.14,142.15
2017-04-13 10:04:26,142.15,142.16
2017-04-13 10:04:27,142.15,142.17
2017-04-13 10:04:28,142.16,142.17
2017-04-13 10:04:29,142.14,142.16
2017-04-13 10:04:30,142.15,142.16
2017-04-13 10:04:31,142.15,142.16
2017-04-13 10:04:32,142.15,142.16
2017-04-13 10:04:33,142.15,142.16
2017-04-13 10:04:34,142.17,142.19
2017-04-13 10:04:35,142.18,142.19
2017-04-13 10:04:36,142.18,142.19
2017-04-13 10:04:37,142.18,142.19
2017-04-13 10:04:38,142.18,142.19
2017-04-13 10:04:39,142.18,142.19
2017-04-13 10:04:40,142.18,142.19
2017-04-13 10:04:41,142.18,142.19
2017-04-13 10:04:42,142.16,142.18
2017-04-13 10:04:43,142.17,142.19
2017-04-13 10:04:44,142.17,142.19
2017-04-13 10:04:45,142.17,142.18
2017-04-13 10:04:46,142.17,142.19
2017-04-13 10:04:47,142.17,142.19
2017-04-13 10:04:48,142.17,142.19
2017-04-13 10:04:49,142.17,142.19
2017-04-13 10:04:50,142.17,142.19
2017-04-13 10:04:51,142.17,142.19
2017-04-13 10:04:52,142.18,142.19
2017-04-13 10:04:53,142.19,142.2
2017-04-13 10:04:54,142.19,142.2
2017-04-13 10:04:55,142.19,142.2
2017-04-13 10:04:56,142.19,142.2
2017-04-13 10:04:57,142.19,142.2
2017-04-13 10:04:58,142.19,142.2
2017-04-13 10:04:59,142.19,142.2
2017-04-13 10:05:00,142.19,142.2
2017-04-13 10:05:01,142.19,142.2
2017-04-13 10:05:02,142.19,142.2
2017-04-13 10:05:03,142.19,142.2
2017-04-13 10:05:04,142.18,142.19
2017-04-13 10:05:05,142.19,142.2
2017-04-13 10:05:06,142.19,142.2
2017-04-13 10:05:07,142.19,142.2
2017-04-13 10:05:08,142.18,142.19
2017-04-13 10:05:09,142.18,142.19
2017-04-13 10:05:10,142.18,142.19
2017-04-13 10:05:11,142.18,142.19
2017-04-13 10:05:12,142.18,142.19
2017-04-13 10:05:13,142.18,142.19
2017-04-13 10:05:14,142.18,142.19
2017-04-13 10:05:15,142.17,142.18
2017-04-13 10:05:16,142.17,142.18
2017-04-13 10:05:17,142.16,142.17
2017-04-13 10:05:18,142.14,142.15
2017-04-13 10:05:19,142.14,142.15
2017-04-13 10:05:20,142.15,142.16
2017-04-13 10:05:21,142.16,142.17
2017-04-13 10:05:22,142.15,142.17
2017-04-13 10:05:23,142.16,142.17
2017-04-13 10:05:24,142.16,142.17
2017-04-13 10:05:25,142.16,142.17
2017-04-13 10:05:26,142.16,142.17
2017-04-13 10:05:27,142.16,142.17
2017-04-13 10:05:28,142.16,142.17
2017-04-13 10:05:29,142.16,142.17
2017-04-13 10:05:30,142.16,142.17
2017-04-13 10:05:31,142.16,142.18
2017-04-13 10:05:32,142.16,142.18
2017-04-13 10:05:33,142.16,142.17
2017-04-13 10:05:34,142.16,142.18
2017-04-13 10:05:35,142.16,142.17
2017-04-13 10:05:36,142.16,142.17
2017-04-13 10:05:37,142.16,142.17
2017-04-13 10:05:38,142.16,142.17
2017-04-13 10:05:39,142.17,142.18
2017-04-13 10:05:40,142.17,142.18
2017-04-13 10:05:41,142.17,142.18
2017-04-13 10:05:42,142.17,142.18
2017-04-13 10:05:43,142.17,142.18
2017-04-13 10:05:44,142.17,142.18
2017-04-13 10:05:45,142.17,142.18
2017-04-13 10:05:46,142.17,142.18
2017-04-13 10:05:47,142.17,142.18
2017-04-13 10:05:48,142.18,142.19
2017-04-13 10:05:49,142.17,142.18
2017-04-13 10:05:50,142.17,142.18
2017-04-13 10:05:51,142.17,142.18
2017-04-13 10:05:52,142.17,142.18
2017-04-13 10:05:53,142.17,142.19
2017-04-13 10:05:54,142.17,142.18
2017-04-13 10:05:55,142.17,142.19
2017-04-13 10:05:56,142.18,142.19
2017-04-13 10:05:57,142.18,142.19
2017-04-13 10:05:58,142.18,142.19
2017-04-13 10:05:59,142.19,142.2
2017-04-13 10:06:00,142.2,142.22
2017-04-13 10:06:01,142.2,142.21
2017-04-13 10:06:02,142.2,142.21
2017-04-13 10:06:03,142.2,142.21
2017-04-13 10:06:04,142.2,142.21
2017-04-13 10:06:05,142.2,142.21
2017-04-13 10:06:06,142.19,142.2
2017-04-13 10:06:07,142.19,142.2
2017-04-13 10:06:08,142.19,142.2
2017-04-13 10:06:09,142.19,142.2
2017-04-13 10:06:10,142.18,142.19
2017-04-13 10:06:11,142.16,142.18
2017-04-13 10:06:12,142.16,142.18
2017-04-13 10:06:13,142.16,142.18
2017-04-13 10:06:14,142.16,142.18
2017-04-13 10:06:15,142.17,142.18
2017-04-13 10:06:16,142.17,142.18
2017-04-13 10:06:17,142.19,142.21
2017-04-13 10:06:18,142.2,142.21
2017-04-13 10:06:19,142.19,142.2
2017-04-13 10:06:20,142.18,142.2
2017-04-13 10:06:21,142.18,142.19
2017-04-13 10:06:22,142.18,142.19
2017-04-13 10:06:23,142.19,142.21
2017-04-13 10:06:24,142.17,142.18
2017-04-13 10:06:25,142.17,142.19
2017-04-13 10:06:26,142.17,142.18
2017-04-13 10:06:27,142.17,142.19
2017-04-13 10:06:28,142.16,142.18
2017-04-13 10:06:29,142.16,142.18
2017-04-13 10:06:30,142.16,142.18
2017-04-13 10:06:31,142.16,142.18
2017-04-13 10:06:32,142.16,142.17
2017-04-13 10:06:33,142.16,142.17
2017-04-13 10:06:34,142.17,142.18
2017-04-13 10:06:35,142.17,142.18
2017-04-13 10:06:36,142.17,142.18
2017-04-13 10:06:37,142.17,142.18
2017-04-13 10:06:38,142.17,142.18
2017-04-13 10:06:39,142.17,142.18
2017-04-13 10:06:40,142.17,142.18
2017-04-13 10:06:41,142.17,142.18
2017-04-13 10:06:42,142.17,142.18
2017-04-13 10:06:43,142.16,142.17
2017-04-13 10:06:44,142.14,142.15
2017-04-13 10:06:45,142.13,142.14
2017-04-13 10:06:46,142.13,142.15
2017-04-13 10:06:47,142.14,142.15
2017-04-13 10:06:48,142.14,142.15
2017-04-13 10:06:49,142.15,142.16
2017-04-13 10:06:50,142.15,142.17
2017-04-13 10:06:51,142.15,142.17
2017-04-13 10:06:52,142.15,142.16
2017-04-13 10:06:53,142.15,142.16
2017-04-13 10:06:54,142.16,142.17
2017-04-13 10:06:55,142.15,142.16
2017-04-13 10:06:56,142.15,142.16
2017-04-13 10:06:57,142.15,142.16
2017-04-13 10:06:58,142.14,142.15
2017-04-13 10:06:59,142.14,142.15
2017-04-13 10:07:00,142.14,142.15
2017-04-13 10:07:01,142.14,142.15
2017-04-13 10:07:02,142.13,142.14
2017-04-13 10:07:03,142.13,142.14
2017-04-13 10:07:04,142.13,142.14
2017-04-13 10:07:05,142.13,142.14
2017-04-13 10:07:06,142.13,142.14
2017-04-13 10:07:07,142.14,142.15
2017-04-13 10:07:08,142.13,142.15
2017-04-13 10:07:09,142.13,142.15
2017-04-13 10:07:10,142.13,142.14
2017-04-13 10:07:11,142.14,142.15
2017-04-13 10:07:12,142.14,142.15
2017-04-13 10:07:13,142.12,142.13
2017-04-13 10:07:14,142.12,142.13
2017-04-13 10:07:15,142.08,142.09
2017-04-13 10:07:16,142.08,142.1
2017-04-13 10:07:17,142.08,142.1
2017-04-13 10:07:18,142.1,142.11
2017-04-13 10:07:19,142.11,142.12
2017-04-13 10:07:20,142.12,142.13
2017-04-13 10:07:21,142.12,142.13
2017-04-13 10:07:22,142.12,142.13
2017-04-13 10:07:23,142.1,142.12
2017-04-13 10:07:24,142.1,142.11
2017-04-13 10:07:25,142.1,142.12
2017-04-13 10:07:26,142.11,142.12
2017-04-13 10:07:27,142.1,142.11
2017-04-13 10:07:28,142.1,142.11
2017-04-13 10:07:29,142.1,142.11
2017-04-13 10:07:30,142.1,142.11
2017-04-13 10:07:31,142.1,142.11
2017-04-13 10:07:32,142.1,142.11
2017-04-13 10:07:33,142.1,142.11
2017-04-13 10:07:34,142.1,142.11
2017-04-13 10:07:35,142.1,142.11
2017-04-13 10:07:36,142.1,142.11
2017-04-13 10:07:37,142.1,142.11
2017-04-13 10:07:38,142.1,142.11
2017-04-13 10:07:39,142.1,142.11
2017-04-13 10:07:40,142.09,142.1
2017-04-13 10:07:41,142.1,142.11
2017-04-13 10:07:42,142.1,142.11
2017-04-13 10:07:43,142.1,142.12
2017-04-13 10:07:44,142.1,142.12
2017-04-13 10:07:45,142.1,142.12
2017-04-13 10:07:46,142.1,142.12
2017-04-13 10:07:47,142.1,142.12
2017-04-13 10:07:48,142.11,142.12
2017-04-13 10:07:49,142.1,142.12
2017-04-13 10:07:50,142.1,142.12
2017-04-13 10:07:51,142.1,142.12
2017-04-13 10:07:52,142.1,142.12
2017-04-13 10:07:53,142.1,142.11
2017-04-13 10:07:54,142.1,142.11
2017-04-13 10:07:55,142.1,142.11
2017-04-13 10:07:56,142.1,142.11
2017-04-13 10:07:57,142.1,142.12
2017-04-13 10:07:58,142.1,142.12
2017-04-13 10:07:59,142.1,142.12
2017-04-13 10:08:00,142.1,142.11
2017-04-13 10:08:01,142.08,142.09
2017-04-13 10:08:02,142.07,142.09
2017-04-13 10:08:03,142.08,142.09
2017-04-13 10:08:04,142.08,142.09
2017-04-13 10:08:05,142.08,142.09
2017-04-13 10:08:06,142.08,142.09
2017-04-13 10:08:07,142.08,142.09
2017-04-13 10:08:08,142.08,142.09
2017-04-13 10:08:09,142.08,142.09
2017-04-13 10:08:10,142.08,142.09
2017-04-13 10:08:11,142.08,142.09
2017-04-13 10:08:12,142.08,142.09
2017-04-13 10:08:13,142.09,142.1
2017-04-13 10:08:14,142.09,142.1
2017-04-13 10:08:15,142.09,142.1
2017-04-13 10:08:16,142.07,142.08
2017-04-13 10:08:17,142.07,142.08
2017-04-13 10:08:18,142.07,142.08
2017-04-13 10:08:19,142.07,142.08
2017-04-13 10:08:20,142.09,142.1
2017-04-13 10:08:21,142.08,142.1
2017-04-13 10:08:22,142.09,142.1
2017-04-13 10:08:23,142.1,142.11
2017-04-13 10:08:24,142.09,142.1
2017-04-13 10:08:25,142.09,142.11
2017-04-13 10:08:26,142.09,142.11
2017-04-13 10:08:27,142.09,142.1
2017-04-13 10:08:28,142.09,142.1
2017-04-13 10:08:29,142.09,142.11
2017-04-13 10:08:30,142.1,142.12
2017-04-13 10:08:31,142.1,142.11
2017-04-13 10:08:32,142.09,142.1
2017-04-13 10:08:33,142.09,142.11
2017-04-13 10:08:34,142.08,142.1
2017-04-13 10:08:35,142.08,142.1
2017-04-13 10:08:36,142.09,142.11
2017-04-13 10:08:37,142.1,142.11
2017-04-13 10:08:38,142.1,142.12
2017-04-13 10:08:39,142.11,142.12
2017-04-13 10:08:40,142.11,142.12
2017-04-13 10:08:41,142.11,142.12
2017-04-13 10:08:42,142.11,142.12
2017-04-13 10:08:43,142.11,142.11
2017-04-13 10:08:44,142.1,142.12
2017-04-13 10:08:45,142.1,142.11
2017-04-13 10:08:46,142.1,142.11
2017-04-13 10:08:47,142.1,142.11
2017-04-13 10:08:48,142.1,142.12
2017-04-13 10:08:49,142.1,142.12
2017-04-13 10:08:50,142.11,142.12
2017-04-13 10:08:51,142.1,142.11
2017-04-13 10:08:52,142.1,142.12
2017-04-13 10:08:53,142.1,142.11
2017-04-13 10:08:54,142.1,142.11
2017-04-13 10:08:55,142.1,142.11
2017-04-13 10:08:56,142.1,142.11
2017-04-13 10:08:57,142.1,142.11
2017-04-13 10:08:58,142.1,142.11
2017-04-13 10:08:59,142.1,142.11
2017-04-13 10:09:00,142.07,142.08
2017-04-13 10:09:01,142.07,142.08
2017-04-13 10:09:02,142.08,142.09
2017-04-13 10:09:03,142.08,142.09
2017-04-13 10:09:04,142.08,142.09
2017-04-13 10:09:05,142.08,142.09
2017-04-13 10:09:06,142.1,142.11
2017-04-13 10:09:07,142.1,142.11
2017-04-13 10:09:08,142.1,142.11
2017-04-13 10:09:09,142.11,142.12
2017-04-13 10:09:10,142.12,142.13
2017-04-13 10:09:11,142.12,142.13
2017-04-13 10:09:12,142.12,142.13
2017-04-13 10:09:13,142.12,142.13
2017-04-13 10:09:14,142.12,142.13
2017-04-13 10:09:15,142.11,142.12
2017-04-13 10:09:16,142.1,142.11
2017-04-13 10:09:17,142.09,142.1
2017-04-13 10:09:18,142.1,142.11
2017-04-13 10:09:19,142.1,142.11
2017-04-13 10:09:20,142.1,142.11
2017-04-13 10:09:21,142.09,142.1
2017-04-13 10:09:22,142.09,142.11
2017-04-13 10:09:23,142.1,142.11
2017-04-13 10:09:24,142.1,142.11
2017-04-13 10:09:25,142.11,142.12
2017-04-13 10:09:26,142.11,142.12
2017-04-13 10:09:27,142.11,142.12
2017-04-13 10:09:28,142.12,142.13
2017-04-13 10:09:29,142.11,142.12
2017-04-13 10:09:30,142.11,142.12
2017-04-13 10:09:31,142.12,142.13
2017-04-13 10:09:32,142.12,142.13
2017-04-13 10:09:33,142.13,142.14
2017-04-13 10:09:34,142.13,142.14
2017-04-13 10:09:35,142.13,142.14
2017-04-13 10:09:36,142.12,142.14
2017-04-13 10:09:37,142.12,142.14
2017-04-13 10:09:38,142.12,142.14
2017-04-13 10:09:39,142.13,142.14
2017-04-13 10:09:40,142.12,142.13
2017-04-13 10:09:41,142.12,142.13
2017-04-13 10:09:42,142.11,142.12
2017-04-13 10:09:43,142.11,142.12
2017-04-13 10:09:44,142.1,142.11
2017-04-13 10:09:45,142.1,142.12
2017-04-13 10:09:46,142.1,142.11
2017-04-13 10:09:47,142.1,142.11
2017-04-13 10:09:48,142.11,142.12
2017-04-13 10:09:49,142.11,142.12
2017-04-13 10:09:50,142.11,142.12
2017-04-13 10:09:51,142.11,142.12
2017-04-13 10:09:52,142.09,142.11
2017-04-13 10:09:53,142.1,142.11
2017-04-13 10:09:54,142.11,142.12
2017-04-13 10:09:55,142.11,142.12
2017-04-13 10:09:56,142.09,142.11
2017-04-13 10:09:57,142.1,142.11
2017-04-13 10:09:58,142.11,142.12
2017-04-13 10:09:59,142.11,142.12
2017-04-13 10:10:00,142.11,142.12
2017-04-13 10:10:01,142.11,142.12
2017-04-13 10:10:02,142.09,142.1
2017-04-13 10:10:03,142.08,142.09
2017-04-13 10:10:04,142.08,142.09
2017-04-13 10:10:05,142.08,142.09
2017-04-13 10:10:06,142.08,142.09
2017-04-13 10:10:07,142.08,142.09
2017-04-13 10:10:08,142.08,142.09
2017-04-13 10:10:09,142.08,142.09
2017-04-13 10:10:10,142.08,142.09
2017-04-13 10:10:11,142.08,142.09
2017-04-13 10:10:12,142.08,142.09
2017-04-13 10:10:13,142.08,142.09
2017-04-13 10:10:14,142.06,142.07
2017-04-13 10:10:15,142.05,142.06
2017-04-13 10:10:16,142.05,142.06
2017-04-13 10:10:17,142.07,142.09
2017-04-13 10:10:18,142.06,142.08
2017-04-13 10:10:19,142.08,142.09
2017-04-13 10:10:20,142.09,142.1
2017-04-13 10:10:21,142.09,142.1
2017-04-13 10:10:22,142.09,142.1
2017-04-13 10:10:23,142.08,142.1
2017-04-13 10:10:24,142.08,142.1
2017-04-13 10:10:25,142.09,142.11
2017-04-13 10:10:26,142.1,142.11
2017-04-13 10:10:27,142.1,142.11
2017-04-13 10:10:28,142.08,142.1
2017-04-13 10:10:29,142.08,142.09
2017-04-13 10:10:30,142.08,142.09
2017-04-13 10:10:31,142.08,142.09
2017-04-13 10:10:32,142.08,142.09
2017-04-13 10:10:33,142.08,142.09
2017-04-13 10:10:34,142.06,142.07
2017-04-13 10:10:35,142.06,142.08
2017-04-13 10:10:36,142.08,142.09
2017-04-13 10:10:37,142.08,142.09
2017-04-13 10:10:38,142.07,142.09
2017-04-13 10:10:39,142.07,142.09
2017-04-13 10:10:40,142.07,142.08
2017-04-13 10:10:41,142.07,142.08
2017-04-13 10:10:42,142.07,142.08
2017-04-13 10:10:43,142.07,142.08
2017-04-13 10:10:44,142.07,142.08
2017-04-13 10:10:45,142.07,142.08
2017-04-13 10:10:46,142.07,142.08
2017-04-13 10:10:47,142.07,142.08
2017-04-13 10:10:48,142.08,142.09
2017-04-13 10:10:49,142.09,142.1
2017-04-13 10:10:50,142.1,142.11
2017-04-13 10:10:51,142.1,142.11
2017-04-13 10:10:52,142.1,142.11
2017-04-13 10:10:53,142.1,142.11
2017-04-13 10:10:54,142.1,142.11
2017-04-13 10:10:55,142.1,142.11
2017-04-13 10:10:56,142.1,142.11
2017-04-13 10:10:57,142.09,142.1
2017-04-13 10:10:58,142.09,142.1
2017-04-13 10:10:59,142.09,142.1
2017-04-13 10:11:00,142.09,142.1
2017-04-13 10:11:01,142.08,142.09
2017-04-13 10:11:02,142.08,142.1
2017-04-13 10:11:03,142.08,142.1
2017-04-13 10:11:04,142.08,142.09
2017-04-13 10:11:05,142.08,142.09
2017-04-13 10:11:06,142.08,142.09
2017-04-13 10:11:07,142.08,142.09
2017-04-13 10:11:08,142.08,142.09
2017-04-13 10:11:09,142.09,142.1
2017-04-13 10:11:10,142.09,142.1
2017-04-13 10:11:11,142.1,142.11
2017-04-13 10:11:12,142.1,142.11
2017-04-13 10:11:13,142.1,142.11
2017-04-13 10:11:14,142.1,142.11
2017-04-13 10:11:15,142.1,142.11
2017-04-13 10:11:16,142.1,142.11
2017-04-13 10:11:17,142.1,142.11
2017-04-13 10:11:18,142.1,142.11
2017-04-13 10:11:19,142.12,142.13
2017-04-13 10:11:20,142.12,142.13
2017-04-13 10:11:21,142.13,142.14
2017-04-13 10:11:22,142.13,142.14
2017-04-13 10:11:23,142.13,142.14
2017-04-13 10:11:24,142.12,142.13
2017-04-13 10:11:25,142.11,142.13
2017-04-13 10:11:26,142.11,142.13
2017-04-13 10:11:27,142.12,142.13
2017-04-13 10:11:28,142.11,142.12
2017-04-13 10:11:29,142.11,142.12
2017-04-13 10:11:30,142.11,142.12
2017-04-13 10:11:31,142.12,142.13
2017-04-13 10:11:32,142.12,142.13
2017-04-13 10:11:33,142.12,142.13
2017-04-13 10:11:34,142.13,142.14
2017-04-13 10:11:35,142.13,142.14
2017-04-13 10:11:36,142.13,142.14
2017-04-13 10:11:37,142.13,142.14
2017-04-13 10:11:38,142.13,142.14
2017-04-13 10:11:39,142.13,142.14
2017-04-13 10:11:40,142.13,142.14
2017-04-13 10:11:41,142.13,142.14
2017-04-13 10:11:42,142.12,142.13
2017-04-13 10:11:43,142.12,142.13
2017-04-13 10:11:44,142.12,142.13
2017-04-13 10:11:45,142.11,142.13
2017-04-13 10:11:46,142.12,142.13
2017-04-13 10:11:47,142.12,142.13
2017-04-13 10:11:48,142.12,142.13
2017-04-13 10:11:49,142.12,142.13
2017-04-13 10:11:50,142.12,142.13
2017-04-13 10:11:51,142.12,142.13
2017-04-13 10:11:52,142.12,142.13
2017-04-13 10:11:53,142.12,142.13
2017-04-13 10:11:54,142.12,142.13
2017-04-13 10:11:55,142.12,142.13
2017-04-13 10:11:56,142.12,142.13
2017-04-13 10:11:57,142.12,142.13
2017-04-13 10:11:58,142.12,142.13
2017-04-13 10:11:59,142.12,142.13
2017-04-13 10:12:00,142.12,142.13
2017-04-13 10:12:01,142.12,142.13
2017-04-13 10:12:02,142.12,142.13
2017-04-13 10:12:03,142.13,142.14
2017-04-13 10:12:04,142.13,142.14
2017-04-13 10:12:05,142.13,142.14
2017-04-13 10:12:06,142.13,142.14
2017-04-13 10:12:07,142.13,142.14
2017-04-13 10:12:08,142.13,142.14
2017-04-13 10:12:09,142.12,142.14
2017-04-13 10:12:10,142.13,142.14
2017-04-13 10:12:11,142.13,142.14
2017-04-13 10:12:12,142.13,142.14
2017-04-13 10:12:13,142.12,142.13
2017-04-13 10:12:14,142.12,142.13
2017-04-13 10:12:15,142.12,142.13
2017-04-13 10:12:16,142.13,142.14
2017-04-13 10:12:17,142.13,142.14
2017-04-13 10:12:18,142.13,142.14
2017-04-13 10:12:19,142.13,142.14
2017-04-13 10:12:20,142.13,142.14
2017-04-13 10:12:21,142.13,142.14
2017-04-13 10:12:22,142.13,142.14
2017-04-13 10:12:23,142.13,142.14
2017-04-13 10:12:24,142.13,142.14
2017-04-13 10:12:25,142.13,142.14
2017-04-13 10:12:26,142.13,142.14
2017-04-13 10:12:27,142.13,142.14
2017-04-13 10:12:28,142.13,142.14
2017-04-13 10:12:29,142.13,142.14
2017-04-13 10:12:30,142.13,142.14
2017-04-13 10:12:31,142.14,142.15
2017-04-13 10:12:32,142.14,142.15
2017-04-13 10:12:33,142.15,142.16
2017-04-13 10:12:34,142.15,142.16
2017-04-13 10:12:35,142.15,142.16
2017-04-13 10:12:36,142.15,142.16
2017-04-13 10:12:37,142.15,142.16
2017-04-13 10:12:38,142.15,142.16
2017-04-13 10:12:39,142.15,142.16
2017-04-13 10:12:40,142.16,142.17
2017-04-13 10:12:41,142.16,142.17
2017-04-13 10:12:42,142.16,142.17
2017-04-13 10:12:43,142.16,142.17
2017-04-13 10:12:44,142.16,142.17
2017-04-13 10:12:45,142.16,142.17
2017-04-13 10:12:46,142.17,142.18
2017-04-13 10:12:47,142.17,142.18
2017-04-13 10:12:48,142.17,142.18
2017-04-13 10:12:49,142.17,142.18
2017-04-13 10:12:50,142.16,142.18
2017-04-13 10:12:51,142.17,142.18
2017-04-13 10:12:52,142.17,142.18
2017-04-13 10:12:53,142.17,142.18
2017-04-13 10:12:54,142.17,142.18
2017-04-13 10:12:55,142.18,142.19
2017-04-13 10:12:56,142.18,142.19
2017-04-13 10:12:57,142.18,142.19
2017-04-13 10:12:58,142.17,142.18
2017-04-13 10:12:59,142.17,142.18
2017-04-13 10:13:00,142.17,142.18
2017-04-13 10:13:01,142.17,142.18
2017-04-13 10:13:02,142.17,142.18
2017-04-13 10:13:03,142.17,142.18
2017-04-13 10:13:04,142.17,142.18
2017-04-13 10:13:05,142.16,142.17
2017-04-13 10:13:06,142.16,142.17
2017-04-13 10:13:07,142.16,142.17
2017-04-13 10:13:08,142.16,142.17
2017-04-13 10:13:09,142.16,142.17
2017-04-13 10:13:10,142.16,142.17
2017-04-13 10:13:11,142.16,142.17
2017-04-13 10:13:12,142.16,142.17
2017-04-13 10:13:13,142.16,142.17
2017-04-13 10:13:14,142.17,142.18
2017-04-13 10:13:15,142.17,142.18
2017-04-13 10:13:16,142.17,142.18
2017-04-13 10:13:17,142.17,142.18
2017-04-13 10:13:18,142.17,142.18
2017-04-13 10:13:19,142.17,142.18
2017-04-13 10:13:20,142.17,142.18
2017-04-13 10:13:21,142.17,142.18
2017-04-13 10:13:22,142.17,142.18
2017-04-13 10:13:23,142.17,142.18
2017-04-13 10:13:24,142.17,142.18
2017-04-13 10:13:25,142.17,142.18
2017-04-13 10:13:26,142.18,142.19
2017-04-13 10:13:27,142.17,142.18
2017-04-13 10:13:28,142.17,142.19
2017-04-13 10:13:29,142.17,142.19
2017-04-13 10:13:30,142.17,142.18
2017-04-13 10:13:31,142.17,142.18
2017-04-13 10:13:32,142.17,142.18
2017-04-13 10:13:33,142.17,142.18
2017-04-13 10:13:34,142.17,142.19
2017-04-13 10:13:35,142.18,142.19
2017-04-13 10:13:36,142.18,142.19
2017-04-13 10:13:37,142.18,142.19
2017-04-13 10:13:38,142.18,142.19
2017-04-13 10:13:39,142.19,142.2
2017-04-13 10:13:40,142.19,142.2
2017-04-13 10:13:41,142.19,142.2
2017-04-13 10:13:42,142.17,142.18
2017-04-13 10:13:43,142.17,142.18
2017-04-13 10:13:44,142.17,142.18
2017-04-13 10:13:45,142.17,142.18
2017-04-13 10:13:46,142.15,142.17
2017-04-13 10:13:47,142.16,142.17
2017-04-13 10:13:48,142.16,142.18
2017-04-13 10:13:49,142.16,142.18
2017-04-13 10:13:50,142.16,142.18
2017-04-13 10:13:51,142.16,142.18
2017-04-13 10:13:52,142.16,142.18
2017-04-13 10:13:53,142.16,142.17
2017-04-13 10:13:54,142.16,142.17
2017-04-13 10:13:55,142.15,142.16
2017-04-13 10:13:56,142.14,142.15
2017-04-13 10:13:57,142.15,142.16
2017-04-13 10:13:58,142.15,142.16
2017-04-13 10:13:59,142.14,142.15
2017-04-13 10:14:00,142.14,142.15
2017-04-13 10:14:01,142.14,142.15
2017-04-13 10:14:02,142.12,142.13
2017-04-13 10:14:03,142.12,142.13
2017-04-13 10:14:04,142.13,142.14
2017-04-13 10:14:05,142.13,142.14
2017-04-13 10:14:06,142.13,142.14
2017-04-13 10:14:07,142.14,142.15
2017-04-13 10:14:08,142.14,142.15
2017-04-13 10:14:09,142.13,142.15
2017-04-13 10:14:10,142.14,142.15
2017-04-13 10:14:11,142.14,142.15
2017-04-13 10:14:12,142.14,142.15
2017-04-13 10:14:13,142.14,142.15
2017-04-13 10:14:14,142.14,142.15
2017-04-13 10:14:15,142.13,142.14
2017-04-13 10:14:16,142.13,142.14
2017-04-13 10:14:17,142.12,142.13
2017-04-13 10:14:18,142.12,142.14
2017-04-13 10:14:19,142.12,142.13
2017-04-13 10:14:20,142.12,142.13
2017-04-13 10:14:21,142.11,142.12
2017-04-13 10:14:22,142.13,142.14
2017-04-13 10:14:23,142.13,142.15
2017-04-13 10:14:24,142.13,142.14
2017-04-13 10:14:25,142.12,142.13
2017-04-13 10:14:26,142.11,142.13
2017-04-13 10:14:27,142.11,142.13
2017-04-13 10:14:28,142.11,142.13
2017-04-13 10:14:29,142.12,142.13
2017-04-13 10:14:30,142.12,142.13
2017-04-13 10:14:31,142.12,142.13
2017-04-13 10:14:32,142.12,142.13
2017-04-13 10:14:33,142.12,142.13
2017-04-13 10:14:34,142.12,142.13
2017-04-13 10:14:35,142.12,142.13
2017-04-13 10:14:36,142.12,142.13
2017-04-13 10:14:37,142.12,142.13
2017-04-13 10:14:38,142.12,142.13
2017-04-13 10:14:39,142.11,142.12
2017-04-13 10:14:40,142.11,142.12
2017-04-13 10:14:41,142.11,142.13
2017-04-13 10:14:42,142.12,142.13
2017-04-13 10:14:43,142.13,142.14
2017-04-13 10:14:44,142.13,142.14
2017-04-13 10:14:45,142.14,142.15
2017-04-13 10:14:46,142.14,142.15
2017-04-13 10:14:47,142.14,142.15
2017-04-13 10:14:48,142.14,142.15
2017-04-13 10:14:49,142.14,142.15
2017-04-13 10:14:50,142.14,142.15
2017-04-13 10:14:51,142.14,142.15
2017-04-13 10:14:52,142.14,142.15
2017-04-13 10:14:53,142.14,142.15
2017-04-13 10:14:54,142.14,142.15
2017-04-13 10:14:55,142.14,142.15
2017-04-13 10:14:56,142.14,142.15
2017-04-13 10:14:57,142.14,142.15
2017-04-13 10:14:58,142.13,142.14
2017-04-13 10:14:59,142.13,142.14
2017-04-13 10:15:00,142.13,142.14
2017-04-13 10:15:01,142.13,142.14
2017-04-13 10:15:02,142.13,142.14
2017-04-13 10:15:03,142.13,142.14
2017-04-13 10:15:04,142.13,142.14
2017-04-13 10:15:05,142.13,142.14
2017-04-13 10:15:06,142.13,142.14
2017-04-13 10:15:07,142.13,142.14
2017-04-13 10:15:08,142.13,142.14
2017-04-13 10:15:09,142.13,142.14
2017-04-13 10:15:10,142.14,142.15
2017-04-13 10:15:11,142.14,142.15
2017-04-13 10:15:12,142.14,142.15
2017-04-13 10:15:13,142.14,142.15
2017-04-13 10:15:14,142.14,142.15
2017-04-13 10:15:15,142.13,142.14
2017-04-13 10:15:16,142.13,142.14
2017-04-13 10:15:17,142.12,142.13
2017-04-13 10:15:18,142.12,142.13
2017-04-13 10:15:19,142.12,142.13
2017-04-13 10:15:20,142.12,142.13
2017-04-13 10:15:21,142.12,142.13
2017-04-13 10:15:22,142.12,142.13
2017-04-13 10:15:23,142.12,142.13
2017-04-13 10:15:24,142.12,142.13
2017-04-13 10:15:25,142.11,142.12
2017-04-13 10:15:26,142.11,142.12
2017-04-13 10:15:27,142.12,142.13
2017-04-13 10:15:28,142.12,142.13
2017-04-13 10:15:29,142.12,142.13
2017-04-13 10:15:30,142.12,142.13
2017-04-13 10:15:31,142.12,142.13
2017-04-13 10:15:32,142.13,142.14
2017-04-13 10:15:33,142.14,142.15
2017-04-13 10:15:34,142.14,142.15
2017-04-13 10:15:35,142.14,142.15
2017-04-13 10:15:36,142.14,142.15
2017-04-13 10:15:37,142.14,142.15
2017-04-13 10:15:38,142.14,142.15
2017-04-13 10:15:39,142.14,142.15
2017-04-13 10:15:40,142.14,142.15
2017-04-13 10:15:41,142.13,142.14
2017-04-13 10:15:42,142.11,142.12
2017-04-13 10:15:43,142.11,142.12
2017-04-13 10:15:44,142.11,142.12
2017-04-13 10:15:45,142.11,142.12
2017-04-13 10:15:46,142.11,142.12
2017-04-13 10:15:47,142.12,142.13
2017-04-13 10:15:48,142.12,142.13
2017-04-13 10:15:49,142.12,142.13
2017-04-13 10:15:50,142.12,142.13
2017-04-13 10:15:51,142.12,142.13
2017-04-13 10:15:52,142.12,142.13
2017-04-13 10:15:53,142.12,142.13
2017-04-13 10:15:54,142.12,142.13
2017-04-13 10:15:55,142.12,142.13
2017-04-13 10:15:56,142.12,142.13
2017-04-13 10:15:57,142.12,142.13
2017-04-13 10:15:58,142.13,142.14
2017-04-13 10:15:59,142.11,142.13
2017-04-13 10:16:00,142.11,142.13
2017-04-13 10:16:01,142.11,142.13
2017-04-13 10:16:02,142.12,142.13
2017-04-13 10:16:03,142.1,142.11
2017-04-13 10:16:04,142.1,142.11
2017-04-13 10:16:05,142.1,142.11
2017-04-13 10:16:06,142.11,142.12
2017-04-13 10:16:07,142.11,142.12
2017-04-13 10:16:08,142.11,142.12
2017-04-13 10:16:09,142.12,142.13
2017-04-13 10:16:10,142.12,142.13
2017-04-13 10:16:11,142.13,142.14
2017-04-13 10:16:12,142.13,142.14
2017-04-13 10:16:13,142.13,142.14
2017-04-13 10:16:14,142.13,142.14
2017-04-13 10:16:15,142.13,142.14
2017-04-13 10:16:16,142.14,142.15
2017-04-13 10:16:17,142.14,142.15
2017-04-13 10:16:18,142.14,142.15
2017-04-13 10:16:19,142.14,142.15
2017-04-13 10:16:20,142.14,142.15
2017-04-13 10:16:21,142.14,142.15
2017-04-13 10:16:22,142.14,142.15
2017-04-13 10:16:23,142.14,142.15
2017-04-13 10:16:24,142.14,142.15
2017-04-13 10:16:25,142.12,142.14
2017-04-13 10:16:26,142.12,142.13
2017-04-13 10:16:27,142.13,142.14
2017-04-13 10:16:28,142.13,142.15
2017-04-13 10:16:29,142.13,142.15
2017-04-13 10:16:30,142.13,142.14
2017-04-13 10:16:31,142.13,142.14
2017-04-13 10:16:32,142.12,142.13
2017-04-13 10:16:33,142.12,142.13
2017-04-13 10:16:34,142.12,142.13
2017-04-13 10:16:35,142.11,142.12
2017-04-13 10:16:36,142.11,142.12
2017-04-13 10:16:37,142.11,142.12
2017-04-13 10:16:38,142.11,142.12
2017-04-13 10:16:39,142.11,142.12
2017-04-13 10:16:40,142.11,142.12
2017-04-13 10:16:41,142.11,142.12
2017-04-13 10:16:42,142.12,142.13
2017-04-13 10:16:43,142.12,142.13
2017-04-13 10:16:44,142.1,142.11
2017-04-13 10:16:45,142.1,142.11
2017-04-13 10:16:46,142.1,142.11
2017-04-13 10:16:47,142.1,142.11
2017-04-13 10:16:48,142.11,142.12
2017-04-13 10:16:49,142.11,142.12
2017-04-13 10:16:50,142.12,142.13
2017-04-13 10:16:51,142.12,142.13
2017-04-13 10:16:52,142.12,142.13
2017-04-13 10:16:53,142.12,142.13
2017-04-13 10:16:54,142.13,142.14
2017-04-13 10:16:55,142.13,142.14
2017-04-13 10:16:56,142.13,142.14
2017-04-13 10:16:57,142.13,142.14
2017-04-13 10:16:58,142.13,142.15
2017-04-13 10:16:59,142.13,142.15
2017-04-13 10:17:00,142.13,142.14
2017-04-13 10:17:01,142.13,142.15
2017-04-13 10:17:02,142.13,142.15
2017-04-13 10:17:03,142.13,142.14
2017-04-13 10:17:04,142.13,142.14
2017-04-13 10:17:05,142.13,142.14
2017-04-13 10:17:06,142.14,142.15
2017-04-13 10:17:07,142.14,142.15
2017-04-13 10:17:08,142.14,142.15
2017-04-13 10:17:09,142.14,142.15
2017-04-13 10:17:10,142.14,142.15
2017-04-13 10:17:11,142.14,142.15
2017-04-13 10:17:12,142.14,142.15
2017-04-13 10:17:13,142.14,142.15
2017-04-13 10:17:14,142.14,142.15
2017-04-13 10:17:15,142.14,142.15
2017-04-13 10:17:16,142.14,142.15
2017-04-13 10:17:17,142.14,142.15
2017-04-13 10:17:18,142.14,142.15
2017-04-13 10:17:19,142.14,142.15
2017-04-13 10:17:20,142.14,142.15
2017-04-13 10:17:21,142.14,142.15
2017-04-13 10:17:22,142.14,142.15
2017-04-13 10:17:23,142.14,142.15
2017-04-13 10:17:24,142.15,142.16
2017-04-13 10:17:25,142.15,142.16
2017-04-13 10:17:26,142.15,142.16
2017-04-13 10:17:27,142.15,142.16
2017-04-13 10:17:28,142.16,142.17
2017-04-13 10:17:29,142.16,142.17
2017-04-13 10:17:30,142.16,142.17
2017-04-13 10:17:31,142.16,142.17
2017-04-13 10:17:32,142.16,142.17
2017-04-13 10:17:33,142.16,142.17
2017-04-13 10:17:34,142.16,142.17
2017-04-13 10:17:35,142.16,142.17
2017-04-13 10:17:36,142.16,142.17
2017-04-13 10:17:37,142.16,142.17
2017-04-13 10:17:38,142.16,142.17
2017-04-13 10:17:39,142.16,142.17
2017-04-13 10:17:40,142.16,142.17
2017-04-13 10:17:41,142.16,142.17
2017-04-13 10:17:42,142.16,142.17
2017-04-13 10:17:43,142.16,142.17
2017-04-13 10:17:44,142.16,142.17
2017-04-13 10:17:45,142.16,142.17
2017-04-13 10:17:46,142.16,142.17
2017-04-13 10:17:47,142.17,142.18
2017-04-13 10:17:48,142.17,142.18
2017-04-13 10:17:49,142.17,142.18
2017-04-13 10:17:50,142.17,142.18
2017-04-13 10:17:51,142.17,142.18
2017-04-13 10:17:52,142.17,142.18
2017-04-13 10:17:53,142.17,142.18
2017-04-13 10:17:54,142.17,142.18
2017-04-13 10:17:55,142.16,142.17
2017-04-13 10:17:56,142.15,142.16
2017-04-13 10:17:57,142.14,142.15
2017-04-13 10:17:58,142.15,142.16
2017-04-13 10:17:59,142.15,142.16
2017-04-13 10:18:00,142.15,142.16
2017-04-13 10:18:01,142.15,142.16
2017-04-13 10:18:02,142.15,142.16
2017-04-13 10:18:03,142.15,142.16
2017-04-13 10:18:04,142.16,142.17
2017-04-13 10:18:05,142.16,142.17
2017-04-13 10:18:06,142.13,142.14
2017-04-13 10:18:07,142.12,142.13
2017-04-13 10:18:08,142.12,142.13
2017-04-13 10:18:09,142.13,142.14
2017-04-13 10:18:10,142.13,142.14
2017-04-13 10:18:11,142.13,142.14
2017-04-13 10:18:12,142.11,142.12
2017-04-13 10:18:13,142.11,142.12
2017-04-13 10:18:14,142.11,142.12
2017-04-13 10:18:15,142.11,142.12
2017-04-13 10:18:16,142.12,142.13
2017-04-13 10:18:17,142.12,142.13
2017-04-13 10:18:18,142.13,142.14
2017-04-13 10:18:19,142.12,142.13
2017-04-13 10:18:20,142.12,142.13
2017-04-13 10:18:21,142.12,142.13
2017-04-13 10:18:22,142.12,142.13
2017-04-13 10:18:23,142.1,142.12
2017-04-13 10:18:24,142.1,142.11
2017-04-13 10:18:25,142.11,142.12
2017-04-13 10:18:26,142.11,142.12
2017-04-13 10:18:27,142.11,142.12
2017-04-13 10:18:28,142.11,142.12
2017-04-13 10:18:29,142.11,142.12
2017-04-13 10:18:30,142.1,142.11
2017-04-13 10:18:31,142.1,142.11
2017-04-13 10:18:32,142.09,142.1
2017-04-13 10:18:33,142.09,142.1
2017-04-13 10:18:34,142.09,142.1
2017-04-13 10:18:35,142.09,142.1
2017-04-13 10:18:36,142.1,142.12
2017-04-13 10:18:37,142.1,142.12
2017-04-13 10:18:38,142.1,142.11
2017-04-13 10:18:39,142.1,142.11
2017-04-13 10:18:40,142.1,142.11
2017-04-13 10:18:41,142.1,142.11
2017-04-13 10:18:42,142.1,142.11
2017-04-13 10:18:43,142.1,142.11
2017-04-13 10:18:44,142.1,142.11
2017-04-13 10:18:45,142.09,142.11
2017-04-13 10:18:46,142.11,142.12
2017-04-13 10:18:47,142.11,142.13
2017-04-13 10:18:48,142.11,142.12
2017-04-13 10:18:49,142.11,142.13
2017-04-13 10:18:50,142.11,142.12
2017-04-13 10:18:51,142.12,142.13
2017-04-13 10:18:52,142.12,142.14
2017-04-13 10:18:53,142.13,142.14
2017-04-13 10:18:54,142.12,142.14
2017-04-13 10:18:55,142.12,142.14
2017-04-13 10:18:56,142.12,142.13
2017-04-13 10:18:57,142.12,142.13
2017-04-13 10:18:58,142.12,142.13
2017-04-13 10:18:59,142.12,142.13
2017-04-13 10:19:00,142.12,142.13
2017-04-13 10:19:01,142.11,142.12
2017-04-13 10:19:02,142.11,142.12
2017-04-13 10:19:03,142.11,142.12
2017-04-13 10:19:04,142.11,142.12
2017-04-13 10:19:05,142.11,142.12
2017-04-13 10:19:06,142.11,142.12
2017-04-13 10:19:07,142.11,142.12
2017-04-13 10:19:08,142.11,142.12
2017-04-13 10:19:09,142.11,142.12
2017-04-13 10:19:10,142.11,142.12
2017-04-13 10:19:11,142.11,142.12
2017-04-13 10:19:12,142.14,142.15
2017-04-13 10:19:13,142.14,142.15
2017-04-13 10:19:14,142.13,142.14
2017-04-13 10:19:15,142.13,142.14
