datetime,direct.bid1,direct.ask1
2017-04-13 09:30:00,129.33,130.07
2017-04-13 09:30:01,129.55,129.75
2017-04-13 09:30:02,129.55,129.64
2017-04-13 09:30:03,129.55,129.64
2017-04-13 09:30:04,129.55,129.64
2017-04-13 09:30:05,129.19,129.38
2017-04-13 09:30:06,129.19,129.31
2017-04-13 09:30:07,129.1,129.31
2017-04-13 09:30:08,129.1,129.31
2017-04-13 09:30:09,129.1,129.31
2017-04-13 09:30:10,129.1,129.31
2017-04-13 09:30:11,129.1,129.3
2017-04-13 09:30:12,129.1,129.3
2017-04-13 09:30:13,129.1,129.3
2017-04-13 09:30:14,129.1,129.3
2017-04-13 09:30:15,129.1,129.3
2017-04-13 09:30:16,129.1,129.3
2017-04-13 09:30:17,129.1,129.3
2017-04-13 09:30:18,129.1,129.3
2017-04-13 09:30:19,129.1,129.3
2017-04-13 09:30:20,129.1,129.3
2017-04-13 09:30:21,129.1,129.3
2017-04-13 09:30:22,129.1,129.3
2017-04-13 09:30:23,129.1,129.3
2017-04-13 09:30:24,129.1,129.29
2017-04-13 09:30:25,129.1,129.29
2017-04-13 09:30:26,129.1,129.29
2017-04-13 09:30:27,129.1,129.29
2017-04-13 09:30:28,129.1,129.29
2017-04-13 09:30:29,129.1,129.29
2017-04-13 09:30:30,129.1,129.29
2017-04-13 09:30:31,129.1,129.29
2017-04-13 09:30:32,129.1,129.29
2017-04-13 09:30:33,129.1,129.29
2017-04-13 09:30:34,129.1,129.29
2017-04-13 09:30:35,129.1,129.29
2017-04-13 09:30:36,129.1,129.29
2017-04-13 09:30:37,129.1,129.28
2017-04-13 09:30:38,129.1,129.28
2017-04-13 09:30:39,129.1,129.28
2017-04-13 09:30:40,129.1,129.28
2017-04-13 09:30:41,129.1,129.28
2017-04-13 09:30:42,129.1,129.24
2017-04-13 09:30:43,129.01,129.24
2017-04-13 09:30:44,129.01,129.24
2017-04-13 09:30:45,129.01,129.24
2017-04-13 09:30:46,129.01,129.23
2017-04-13 09:30:47,129.01,129.23
2017-04-13 09:30:48,129.0,129.23
2017-04-13 09:30:49,129.0,129.23
2017-04-13 09:30:50,129.01,129.22
2017-04-13 09:30:51,129.01,129.22
2017-04-13 09:30:52,129.01,129.22
2017-04-13 09:30:53,129.01,129.22
2017-04-13 09:30:54,129.01,129.22
2017-04-13 09:30:55,129.01,129.21
2017-04-13 09:30:56,129.01,129.21
2017-04-13 09:30:57,129.01,129.21
2017-04-13 09:30:58,129.02,129.21
2017-04-13 09:30:59,129.02,129.21
2017-04-13 09:31:00,129.02,129.21
2017-04-13 09:31:01,129.02,129.21
2017-04-13 09:31:02,129.02,129.21
2017-04-13 09:31:03,129.02,129.21
2017-04-13 09:31:04,129.02,129.22
2017-04-13 09:31:05,129.05,129.19
2017-04-13 09:31:06,129.05,129.19
2017-04-13 09:31:07,129.05,129.19
2017-04-13 09:31:08,129.05,129.19
2017-04-13 09:31:09,129.05,129.19
2017-04-13 09:31:10,129.05,129.19
2017-04-13 09:31:11,129.15,129.33
2017-04-13 09:31:12,129.15,129.34
2017-04-13 09:31:13,129.15,129.33
2017-04-13 09:31:14,129.15,129.33
2017-04-13 09:31:15,129.15,129.33
2017-04-13 09:31:16,129.15,129.33
2017-04-13 09:31:17,129.15,129.33
2017-04-13 09:31:18,129.15,129.33
2017-04-13 09:31:19,129.15,129.33
2017-04-13 09:31:20,129.15,129.33
2017-04-13 09:31:21,129.15,129.33
2017-04-13 09:31:22,129.15,129.33
2017-04-13 09:31:23,129.16,129.33
2017-04-13 09:31:24,129.16,129.33
2017-04-13 09:31:25,129.16,129.34
2017-04-13 09:31:26,129.16,129.49
2017-04-13 09:31:27,129.16,129.49
2017-04-13 09:31:28,129.16,129.49
2017-04-13 09:31:29,129.16,129.49
2017-04-13 09:31:30,129.16,129.49
2017-04-13 09:31:31,129.16,129.49
2017-04-13 09:31:32,129.16,129.49
2017-04-13 09:31:33,129.16,129.49
2017-04-13 09:31:34,129.16,129.49
2017-04-13 09:31:35,129.16,129.49
2017-04-13 09:31:36,129.16,129.48
2017-04-13 09:31:37,129.16,129.48
2017-04-13 09:31:38,129.16,129.48
2017-04-13 09:31:39,129.16,129.48
2017-04-13 09:31:40,129.16,129.48
2017-04-13 09:31:41,129.16,129.48
2017-04-13 09:31:42,129.16,129.48
2017-04-13 09:31:43,129.16,129.48
2017-04-13 09:31:44,129.16,129.48
2017-04-13 09:31:45,129.16,129.48
2017-04-13 09:31:46,129.16,129.48
2017-04-13 09:31:47,129.16,129.48
2017-04-13 09:31:48,129.21,129.48
2017-04-13 09:31:49,129.21,129.48
2017-04-13 09:31:50,129.21,129.48
2017-04-13 09:31:51,129.21,129.48
2017-04-13 09:31:52,129.21,129.48
2017-04-13 09:31:53,129.21,129.48
2017-04-13 09:31:54,129.21,129.48
2017-04-13 09:31:55,129.21,129.48
2017-04-13 09:31:56,129.21,129.48
2017-04-13 09:31:57,129.22,129.41
2017-04-13 09:31:58,129.22,129.41
2017-04-13 09:31:59,129.22,129.41
2017-04-13 09:32:00,129.22,129.41
2017-04-13 09:32:01,129.22,129.41
2017-04-13 09:32:02,129.22,129.41
2017-04-13 09:32:03,129.23,129.41
2017-04-13 09:32:04,129.23,129.4
2017-04-13 09:32:05,129.23,129.4
2017-04-13 09:32:06,129.25,129.4
2017-04-13 09:32:07,129.25,129.4
2017-04-13 09:32:08,129.25,129.4
2017-04-13 09:32:09,129.26,129.46
2017-04-13 09:32:10,129.26,129.46
2017-04-13 09:32:11,129.27,129.46
2017-04-13 09:32:12,129.27,129.46
2017-04-13 09:32:13,129.27,129.46
2017-04-13 09:32:14,129.27,129.46
2017-04-13 09:32:15,129.27,129.46
2017-04-13 09:32:16,129.27,129.46
2017-04-13 09:32:17,129.27,129.46
2017-04-13 09:32:18,129.27,129.46
2017-04-13 09:32:19,129.27,129.46
2017-04-13 09:32:20,129.27,129.46
2017-04-13 09:32:21,129.27,129.46
2017-04-13 09:32:22,129.27,129.47
2017-04-13 09:32:23,129.27,129.48
2017-04-13 09:32:24,129.27,129.49
2017-04-13 09:32:25,129.27,129.5
2017-04-13 09:32:26,129.27,129.5
2017-04-13 09:32:27,129.27,129.5
2017-04-13 09:32:28,129.46,129.64
2017-04-13 09:32:29,129.46,129.64
2017-04-13 09:32:30,129.46,129.64
2017-04-13 09:32:31,129.46,129.64
2017-04-13 09:32:32,129.46,129.64
2017-04-13 09:32:33,129.46,129.64
2017-04-13 09:32:34,129.46,129.63
2017-04-13 09:32:35,129.46,129.64
2017-04-13 09:32:36,129.46,129.64
2017-04-13 09:32:37,129.46,129.64
2017-04-13 09:32:38,129.46,129.64
2017-04-13 09:32:39,129.46,129.64
2017-04-13 09:32:40,129.46,129.64
2017-04-13 09:32:41,129.46,129.64
2017-04-13 09:32:42,129.53,129.69
2017-04-13 09:32:43,129.53,129.69
2017-04-13 09:32:44,129.53,129.69
2017-04-13 09:32:45,129.53,129.68
2017-04-13 09:32:46,129.53,129.68
2017-04-13 09:32:47,129.58,129.7
2017-04-13 09:32:48,129.58,129.69
2017-04-13 09:32:49,129.58,129.69
2017-04-13 09:32:50,129.58,129.69
2017-04-13 09:32:51,129.58,129.69
2017-04-13 09:32:52,129.58,129.69
2017-04-13 09:32:53,129.58,129.69
2017-04-13 09:32:54,129.58,129.69
2017-04-13 09:32:55,129.58,129.69
2017-04-13 09:32:56,129.58,129.69
2017-04-13 09:32:57,129.58,129.69
2017-04-13 09:32:58,129.58,129.69
2017-04-13 09:32:59,129.58,129.69
2017-04-13 09:33:00,129.58,129.69
2017-04-13 09:33:01,129.58,129.69
2017-04-13 09:33:02,129.58,129.69
2017-04-13 09:33:03,129.58,129.69
2017-04-13 09:33:04,129.58,129.69
2017-04-13 09:33:05,129.58,129.69
2017-04-13 09:33:06,129.41,129.58
2017-04-13 09:33:07,129.41,129.58
2017-04-13 09:33:08,129.41,129.58
2017-04-13 09:33:09,129.41,129.58
2017-04-13 09:33:10,129.41,129.58
2017-04-13 09:33:11,129.28,129.57
2017-04-13 09:33:12,129.28,129.57
2017-04-13 09:33:13,129.29,129.57
2017-04-13 09:33:14,129.29,129.57
2017-04-13 09:33:15,129.29,129.57
2017-04-13 09:33:16,129.29,129.57
2017-04-13 09:33:17,129.29,129.57
2017-04-13 09:33:18,129.29,129.57
2017-04-13 09:33:19,129.29,129.57
2017-04-13 09:33:20,129.29,129.57
2017-04-13 09:33:21,129.29,129.57
2017-04-13 09:33:22,129.29,129.57
2017-04-13 09:33:23,129.29,129.57
2017-04-13 09:33:24,129.29,129.57
2017-04-13 09:33:25,129.29,129.57
2017-04-13 09:33:26,129.29,129.57
2017-04-13 09:33:27,129.29,129.57
2017-04-13 09:33:28,129.29,129.57
2017-04-13 09:33:29,129.29,129.57
2017-04-13 09:33:30,129.29,129.57
2017-04-13 09:33:31,129.29,129.57
2017-04-13 09:33:32,129.29,129.57
2017-04-13 09:33:33,129.29,129.57
2017-04-13 09:33:34,129.29,129.57
2017-04-13 09:33:35,129.29,129.57
2017-04-13 09:33:36,129.29,129.57
2017-04-13 09:33:37,129.29,129.57
2017-04-13 09:33:38,129.29,129.57
2017-04-13 09:33:39,129.29,129.57
2017-04-13 09:33:40,129.29,129.57
2017-04-13 09:33:41,129.29,129.57
2017-04-13 09:33:42,129.29,129.57
2017-04-13 09:33:43,129.29,129.57
2017-04-13 09:33:44,129.29,129.57
2017-04-13 09:33:45,129.29,129.57
2017-04-13 09:33:46,129.29,129.57
2017-04-13 09:33:47,129.29,129.57
2017-04-13 09:33:48,129.29,129.57
2017-04-13 09:33:49,129.29,129.57
2017-04-13 09:33:50,129.29,129.57
2017-04-13 09:33:51,129.29,129.57
2017-04-13 09:33:52,129.3,129.55
2017-04-13 09:33:53,129.3,129.56
2017-04-13 09:33:54,129.3,129.56
2017-04-13 09:33:55,129.3,129.56
2017-04-13 09:33:56,129.3,129.56
2017-04-13 09:33:57,129.3,129.56
2017-04-13 09:33:58,129.3,129.56
2017-04-13 09:33:59,129.3,129.56
2017-04-13 09:34:00,129.3,129.56
2017-04-13 09:34:01,129.3,129.56
2017-04-13 09:34:02,129.3,129.56
2017-04-13 09:34:03,129.3,129.56
2017-04-13 09:34:04,129.3,129.56
2017-04-13 09:34:05,129.3,129.56
2017-04-13 09:34:06,129.3,129.56
2017-04-13 09:34:07,129.3,129.56
2017-04-13 09:34:08,129.31,129.55
2017-04-13 09:34:09,129.31,129.55
2017-04-13 09:34:10,129.31,129.55
2017-04-13 09:34:11,129.31,129.55
2017-04-13 09:34:12,129.31,129.55
2017-04-13 09:34:13,129.39,129.57
2017-04-13 09:34:14,129.39,129.57
2017-04-13 09:34:15,129.39,129.57
2017-04-13 09:34:16,129.4,129.57
2017-04-13 09:34:17,129.4,129.57
2017-04-13 09:34:18,129.4,129.57
2017-04-13 09:34:19,129.4,129.57
2017-04-13 09:34:20,129.41,129.57
2017-04-13 09:34:21,129.41,129.57
2017-04-13 09:34:22,129.41,129.57
2017-04-13 09:34:23,129.41,129.57
2017-04-13 09:34:24,129.41,129.57
2017-04-13 09:34:25,129.41,129.57
2017-04-13 09:34:26,129.41,129.57
2017-04-13 09:34:27,129.41,129.57
2017-04-13 09:34:28,129.41,129.57
2017-04-13 09:34:29,129.41,129.57
2017-04-13 09:34:30,129.41,129.57
2017-04-13 09:34:31,129.41,129.57
2017-04-13 09:34:32,129.41,129.57
2017-04-13 09:34:33,129.41,129.57
2017-04-13 09:34:34,129.41,129.57
2017-04-13 09:34:35,129.41,129.57
2017-04-13 09:34:36,129.41,129.57
2017-04-13 09:34:37,129.54,129.69
2017-04-13 09:34:38,129.54,129.69
2017-04-13 09:34:39,129.54,129.69
2017-04-13 09:34:40,129.54,129.69
2017-04-13 09:34:41,129.54,129.69
2017-04-13 09:34:42,129.54,129.69
2017-04-13 09:34:43,129.55,129.69
2017-04-13 09:34:44,129.55,129.69
2017-04-13 09:34:45,129.55,129.69
2017-04-13 09:34:46,129.55,129.69
2017-04-13 09:34:47,129.55,129.69
2017-04-13 09:34:48,129.55,129.69
2017-04-13 09:34:49,129.55,129.69
2017-04-13 09:34:50,129.55,129.67
2017-04-13 09:34:51,129.55,129.67
2017-04-13 09:34:52,129.55,129.67
2017-04-13 09:34:53,129.55,129.67
2017-04-13 09:34:54,129.55,129.67
2017-04-13 09:34:55,129.55,129.67
2017-04-13 09:34:56,129.55,129.67
2017-04-13 09:34:57,129.56,129.74
2017-04-13 09:34:58,129.56,129.74
2017-04-13 09:34:59,129.56,129.74
2017-04-13 09:35:00,129.56,129.74
2017-04-13 09:35:01,129.57,129.74
2017-04-13 09:35:02,129.57,129.74
2017-04-13 09:35:03,129.57,129.74
2017-04-13 09:35:04,129.57,129.74
2017-04-13 09:35:05,129.57,129.74
2017-04-13 09:35:06,129.58,129.73
2017-04-13 09:35:07,129.58,129.73
2017-04-13 09:35:08,129.58,129.73
2017-04-13 09:35:09,129.58,129.73
2017-04-13 09:35:10,129.58,129.73
2017-04-13 09:35:11,129.58,129.71
2017-04-13 09:35:12,129.58,129.69
2017-04-13 09:35:13,129.58,129.69
2017-04-13 09:35:14,129.58,129.67
2017-04-13 09:35:15,129.31,129.62
2017-04-13 09:35:16,129.31,129.61
2017-04-13 09:35:17,129.31,129.61
2017-04-13 09:35:18,129.31,129.61
2017-04-13 09:35:19,129.31,129.61
2017-04-13 09:35:20,129.31,129.61
2017-04-13 09:35:21,129.21,129.61
2017-04-13 09:35:22,129.21,129.61
2017-04-13 09:35:23,129.21,129.5
2017-04-13 09:35:24,129.21,129.5
2017-04-13 09:35:25,129.21,129.5
2017-04-13 09:35:26,129.21,129.5
2017-04-13 09:35:27,129.21,129.5
2017-04-13 09:35:28,129.21,129.5
2017-04-13 09:35:29,129.21,129.5
2017-04-13 09:35:30,129.25,129.49
2017-04-13 09:35:31,129.25,129.49
2017-04-13 09:35:32,129.25,129.49
2017-04-13 09:35:33,129.25,129.49
2017-04-13 09:35:34,129.25,129.49
2017-04-13 09:35:35,129.25,129.49
2017-04-13 09:35:36,129.25,129.49
2017-04-13 09:35:37,129.25,129.49
2017-04-13 09:35:38,129.25,129.49
2017-04-13 09:35:39,129.25,129.49
2017-04-13 09:35:40,129.25,129.49
2017-04-13 09:35:41,129.25,129.49
2017-04-13 09:35:42,129.25,129.49
2017-04-13 09:35:43,129.25,129.49
2017-04-13 09:35:44,129.26,129.49
2017-04-13 09:35:45,129.26,129.49
2017-04-13 09:35:46,129.26,129.49
2017-04-13 09:35:47,129.26,129.49
2017-04-13 09:35:48,129.26,129.49
2017-04-13 09:35:49,129.26,129.49
2017-04-13 09:35:50,129.26,129.49
2017-04-13 09:35:51,129.26,129.49
2017-04-13 09:35:52,129.26,129.48
2017-04-13 09:35:53,129.26,129.48
2017-04-13 09:35:54,129.26,129.49
2017-04-13 09:35:55,129.26,129.49
2017-04-13 09:35:56,129.26,129.49
2017-04-13 09:35:57,129.26,129.49
2017-04-13 09:35:58,129.26,129.49
2017-04-13 09:35:59,129.26,129.49
2017-04-13 09:36:00,129.26,129.49
2017-04-13 09:36:01,129.26,129.49
2017-04-13 09:36:02,129.26,129.48
2017-04-13 09:36:03,129.26,129.48
2017-04-13 09:36:04,129.26,129.48
2017-04-13 09:36:05,129.26,129.48
2017-04-13 09:36:06,129.26,129.49
2017-04-13 09:36:07,129.26,129.49
2017-04-13 09:36:08,129.27,129.42
2017-04-13 09:36:09,129.27,129.42
2017-04-13 09:36:10,129.27,129.42
2017-04-13 09:36:11,129.27,129.42
2017-04-13 09:36:12,129.27,129.42
2017-04-13 09:36:13,129.27,129.42
2017-04-13 09:36:14,129.27,129.42
2017-04-13 09:36:15,129.27,129.42
2017-04-13 09:36:16,129.27,129.42
2017-04-13 09:36:17,129.27,129.42
2017-04-13 09:36:18,129.27,129.42
2017-04-13 09:36:19,129.27,129.39
2017-04-13 09:36:20,129.27,129.41
2017-04-13 09:36:21,129.27,129.39
2017-04-13 09:36:22,129.27,129.39
2017-04-13 09:36:23,129.28,129.49
2017-04-13 09:36:24,129.28,129.49
2017-04-13 09:36:25,129.28,129.48
2017-04-13 09:36:26,129.28,129.49
2017-04-13 09:36:27,129.28,129.49
2017-04-13 09:36:28,129.28,129.49
2017-04-13 09:36:29,129.28,129.49
2017-04-13 09:36:30,129.28,129.49
2017-04-13 09:36:31,129.28,129.49
2017-04-13 09:36:32,129.28,129.49
2017-04-13 09:36:33,129.28,129.49
2017-04-13 09:36:34,129.28,129.49
2017-04-13 09:36:35,129.28,129.48
2017-04-13 09:36:36,129.28,129.48
2017-04-13 09:36:37,129.28,129.61
2017-04-13 09:36:38,129.28,129.58
2017-04-13 09:36:39,129.29,129.54
2017-04-13 09:36:40,129.37,129.6
2017-04-13 09:36:41,129.37,129.54
2017-04-13 09:36:42,129.37,129.57
2017-04-13 09:36:43,129.37,129.55
2017-04-13 09:36:44,129.37,129.52
2017-04-13 09:36:45,129.37,129.51
2017-04-13 09:36:46,129.37,129.51
2017-04-13 09:36:47,129.37,129.5
2017-04-13 09:36:48,129.37,129.58
2017-04-13 09:36:49,129.37,129.56
2017-04-13 09:36:50,129.37,129.54
2017-04-13 09:36:51,129.37,129.52
2017-04-13 09:36:52,129.37,129.5
2017-04-13 09:36:53,129.37,129.57
2017-04-13 09:36:54,129.37,129.6
2017-04-13 09:36:55,129.37,129.56
2017-04-13 09:36:56,129.37,129.55
2017-04-13 09:36:57,129.37,129.55
2017-04-13 09:36:58,129.37,129.6
2017-04-13 09:36:59,129.37,129.59
2017-04-13 09:37:00,129.37,129.57
2017-04-13 09:37:01,129.37,129.59
2017-04-13 09:37:02,129.37,129.58
2017-04-13 09:37:03,129.37,129.58
2017-04-13 09:37:04,129.37,129.58
2017-04-13 09:37:05,129.37,129.55
2017-04-13 09:37:06,129.37,129.59
2017-04-13 09:37:07,129.37,129.6
2017-04-13 09:37:08,129.37,129.57
2017-04-13 09:37:09,129.37,129.6
2017-04-13 09:37:10,129.37,129.58
2017-04-13 09:37:11,129.37,129.61
2017-04-13 09:37:12,129.49,129.62
2017-04-13 09:37:13,129.49,129.62
2017-04-13 09:37:14,129.48,129.65
2017-04-13 09:37:15,129.49,129.63
2017-04-13 09:37:16,129.49,129.63
2017-04-13 09:37:17,129.5,129.63
2017-04-13 09:37:18,129.5,129.63
2017-04-13 09:37:19,129.5,129.63
2017-04-13 09:37:20,129.5,129.63
2017-04-13 09:37:21,129.5,129.63
2017-04-13 09:37:22,129.5,129.63
2017-04-13 09:37:23,129.5,129.63
2017-04-13 09:37:24,129.5,129.62
2017-04-13 09:37:25,129.5,129.62
2017-04-13 09:37:26,129.5,129.62
2017-04-13 09:37:27,129.5,129.62
2017-04-13 09:37:28,129.5,129.61
2017-04-13 09:37:29,129.5,129.61
2017-04-13 09:37:30,129.5,129.61
2017-04-13 09:37:31,129.5,129.61
2017-04-13 09:37:32,129.5,129.61
2017-04-13 09:37:33,129.5,129.61
2017-04-13 09:37:34,129.5,129.61
2017-04-13 09:37:35,129.5,129.61
2017-04-13 09:37:36,129.5,129.61
2017-04-13 09:37:37,129.5,129.61
2017-04-13 09:37:38,129.5,129.61
2017-04-13 09:37:39,129.5,129.61
2017-04-13 09:37:40,129.5,129.61
2017-04-13 09:37:41,129.5,129.59
2017-04-13 09:37:42,129.54,129.62
2017-04-13 09:37:43,129.54,129.7
2017-04-13 09:37:44,129.54,129.7
2017-04-13 09:37:45,129.54,129.7
2017-04-13 09:37:46,129.54,129.7
2017-04-13 09:37:47,129.54,129.7
2017-04-13 09:37:48,129.54,129.7
2017-04-13 09:37:49,129.54,129.7
2017-04-13 09:37:50,129.54,129.7
2017-04-13 09:37:51,129.54,129.7
2017-04-13 09:37:52,129.64,129.7
2017-04-13 09:37:53,129.61,129.7
2017-04-13 09:37:54,129.54,129.7
2017-04-13 09:37:55,129.54,129.7
2017-04-13 09:37:56,129.54,129.69
2017-04-13 09:37:57,129.54,129.69
2017-04-13 09:37:58,129.54,129.69
2017-04-13 09:37:59,129.5,129.66
2017-04-13 09:38:00,129.5,129.66
2017-04-13 09:38:01,129.5,129.66
2017-04-13 09:38:02,129.5,129.64
2017-04-13 09:38:03,129.5,129.69
2017-04-13 09:38:04,129.5,129.69
2017-04-13 09:38:05,129.5,129.69
2017-04-13 09:38:06,129.5,129.69
2017-04-13 09:38:07,129.5,129.69
2017-04-13 09:38:08,129.5,129.69
2017-04-13 09:38:09,129.5,129.69
2017-04-13 09:38:10,129.5,129.69
2017-04-13 09:38:11,129.5,129.69
2017-04-13 09:38:12,129.5,129.69
2017-04-13 09:38:13,129.5,129.69
2017-04-13 09:38:14,129.5,129.69
2017-04-13 09:38:15,129.5,129.69
2017-04-13 09:38:16,129.5,129.69
2017-04-13 09:38:17,129.5,129.69
2017-04-13 09:38:18,129.5,129.69
2017-04-13 09:38:19,129.5,129.69
2017-04-13 09:38:20,129.5,129.69
2017-04-13 09:38:21,129.5,129.69
2017-04-13 09:38:22,129.5,129.69
2017-04-13 09:38:23,129.5,129.69
2017-04-13 09:38:24,129.5,129.69
2017-04-13 09:38:25,129.5,129.69
2017-04-13 09:38:26,129.5,129.69
2017-04-13 09:38:27,129.5,129.69
2017-04-13 09:38:28,129.5,129.69
2017-04-13 09:38:29,129.5,129.69
2017-04-13 09:38:30,129.5,129.69
2017-04-13 09:38:31,129.5,129.71
2017-04-13 09:38:32,129.5,129.7
2017-04-13 09:38:33,129.5,129.7
2017-04-13 09:38:34,129.5,129.7
2017-04-13 09:38:35,129.5,129.7
2017-04-13 09:38:36,129.5,129.7
2017-04-13 09:38:37,129.5,129.7
2017-04-13 09:38:38,129.5,129.7
2017-04-13 09:38:39,129.5,129.7
2017-04-13 09:38:40,129.5,129.7
2017-04-13 09:38:41,129.5,129.7
2017-04-13 09:38:42,129.5,129.7
2017-04-13 09:38:43,129.5,129.7
2017-04-13 09:38:44,129.5,129.69
2017-04-13 09:38:45,129.5,129.69
2017-04-13 09:38:46,129.5,129.69
2017-04-13 09:38:47,129.5,129.68
2017-04-13 09:38:48,129.5,129.67
2017-04-13 09:38:49,129.5,129.67
2017-04-13 09:38:50,129.5,129.67
2017-04-13 09:38:51,129.5,129.67
2017-04-13 09:38:52,129.5,129.67
2017-04-13 09:38:53,129.5,129.67
2017-04-13 09:38:54,129.5,129.67
2017-04-13 09:38:55,129.51,129.65
2017-04-13 09:38:56,129.51,129.65
2017-04-13 09:38:57,129.51,129.65
2017-04-13 09:38:58,129.51,129.65
2017-04-13 09:38:59,129.51,129.65
2017-04-13 09:39:00,129.51,129.65
2017-04-13 09:39:01,129.51,129.65
2017-04-13 09:39:02,129.51,129.65
2017-04-13 09:39:03,129.51,129.65
2017-04-13 09:39:04,129.52,129.65
2017-04-13 09:39:05,129.52,129.65
2017-04-13 09:39:06,129.65,129.75
2017-04-13 09:39:07,129.65,129.75
2017-04-13 09:39:08,129.65,129.75
2017-04-13 09:39:09,129.65,129.75
2017-04-13 09:39:10,129.65,129.75
2017-04-13 09:39:11,129.65,129.75
2017-04-13 09:39:12,129.66,129.75
2017-04-13 09:39:13,129.66,129.75
2017-04-13 09:39:14,129.66,129.75
2017-04-13 09:39:15,129.66,129.75
2017-04-13 09:39:16,129.66,129.75
2017-04-13 09:39:17,129.66,129.75
2017-04-13 09:39:18,129.66,129.75
2017-04-13 09:39:19,129.66,129.75
2017-04-13 09:39:20,129.66,129.75
2017-04-13 09:39:21,129.66,129.75
2017-04-13 09:39:22,129.66,129.75
2017-04-13 09:39:23,129.66,129.74
2017-04-13 09:39:24,129.66,129.74
2017-04-13 09:39:25,129.66,129.74
2017-04-13 09:39:26,129.66,129.74
2017-04-13 09:39:27,129.66,129.74
2017-04-13 09:39:28,129.66,129.74
2017-04-13 09:39:29,129.66,129.74
2017-04-13 09:39:30,129.66,129.74
2017-04-13 09:39:31,129.66,129.79
2017-04-13 09:39:32,129.66,129.79
2017-04-13 09:39:33,129.66,129.79
2017-04-13 09:39:34,129.66,129.79
2017-04-13 09:39:35,129.66,129.79
2017-04-13 09:39:36,129.66,129.79
2017-04-13 09:39:37,129.66,129.79
2017-04-13 09:39:38,129.66,129.79
2017-04-13 09:39:39,129.66,129.79
2017-04-13 09:39:40,129.66,129.79
2017-04-13 09:39:41,129.66,129.79
2017-04-13 09:39:42,129.66,129.79
2017-04-13 09:39:43,129.66,129.79
2017-04-13 09:39:44,129.66,129.79
2017-04-13 09:39:45,129.66,129.79
2017-04-13 09:39:46,129.66,129.79
2017-04-13 09:39:47,129.66,129.79
2017-04-13 09:39:48,129.66,129.79
2017-04-13 09:39:49,129.66,129.79
2017-04-13 09:39:50,129.66,129.79
2017-04-13 09:39:51,129.66,129.79
2017-04-13 09:39:52,129.66,129.79
2017-04-13 09:39:53,129.66,129.79
2017-04-13 09:39:54,129.66,129.79
2017-04-13 09:39:55,129.66,129.79
2017-04-13 09:39:56,129.66,129.79
2017-04-13 09:39:57,129.67,129.79
2017-04-13 09:39:58,129.67,129.79
2017-04-13 09:39:59,129.67,129.77
2017-04-13 09:40:00,129.67,129.77
2017-04-13 09:40:01,129.67,129.77
2017-04-13 09:40:02,129.67,129.77
2017-04-13 09:40:03,129.67,129.77
2017-04-13 09:40:04,129.67,129.74
2017-04-13 09:40:05,129.67,129.74
2017-04-13 09:40:06,129.67,129.74
2017-04-13 09:40:07,129.67,129.74
2017-04-13 09:40:08,129.67,129.74
2017-04-13 09:40:09,129.67,129.74
2017-04-13 09:40:10,129.67,129.74
2017-04-13 09:40:11,129.67,129.74
2017-04-13 09:40:12,129.67,129.74
2017-04-13 09:40:13,129.67,129.74
2017-04-13 09:40:14,129.67,129.74
2017-04-13 09:40:15,129.67,129.74
2017-04-13 09:40:16,129.67,129.74
2017-04-13 09:40:17,129.56,129.66
2017-04-13 09:40:18,129.56,129.66
2017-04-13 09:40:19,129.56,129.66
2017-04-13 09:40:20,129.56,129.66
2017-04-13 09:40:21,129.56,129.66
2017-04-13 09:40:22,129.56,129.66
2017-04-13 09:40:23,129.56,129.66
2017-04-13 09:40:24,129.56,129.66
2017-04-13 09:40:25,129.56,129.66
2017-04-13 09:40:26,129.56,129.66
2017-04-13 09:40:27,129.56,129.66
2017-04-13 09:40:28,129.56,129.66
2017-04-13 09:40:29,129.56,129.66
2017-04-13 09:40:30,129.61,129.73
2017-04-13 09:40:31,129.61,129.72
2017-04-13 09:40:32,129.61,129.72
2017-04-13 09:40:33,129.61,129.74
2017-04-13 09:40:34,129.61,129.73
2017-04-13 09:40:35,129.61,129.73
2017-04-13 09:40:36,129.61,129.73
2017-04-13 09:40:37,129.61,129.73
2017-04-13 09:40:38,129.61,129.73
2017-04-13 09:40:39,129.61,129.73
2017-04-13 09:40:40,129.61,129.74
2017-04-13 09:40:41,129.61,129.73
2017-04-13 09:40:42,129.61,129.73
2017-04-13 09:40:43,129.61,129.73
2017-04-13 09:40:44,129.61,129.73
2017-04-13 09:40:45,129.61,129.73
2017-04-13 09:40:46,129.61,129.73
2017-04-13 09:40:47,129.6,129.73
2017-04-13 09:40:48,129.6,129.73
2017-04-13 09:40:49,129.6,129.73
2017-04-13 09:40:50,129.6,129.74
2017-04-13 09:40:51,129.6,129.74
2017-04-13 09:40:52,129.6,129.74
2017-04-13 09:40:53,129.6,129.74
2017-04-13 09:40:54,129.61,129.74
2017-04-13 09:40:55,129.61,129.74
2017-04-13 09:40:56,129.61,129.74
2017-04-13 09:40:57,129.61,129.74
2017-04-13 09:40:58,129.61,129.74
2017-04-13 09:40:59,129.61,129.74
2017-04-13 09:41:00,129.61,129.74
2017-04-13 09:41:01,129.61,129.74
2017-04-13 09:41:02,129.61,129.74
2017-04-13 09:41:03,129.61,129.72
2017-04-13 09:41:04,129.61,129.69
2017-04-13 09:41:05,129.61,129.72
2017-04-13 09:41:06,129.61,129.72
2017-04-13 09:41:07,129.61,129.72
2017-04-13 09:41:08,129.61,129.72
2017-04-13 09:41:09,129.61,129.72
2017-04-13 09:41:10,129.61,129.72
2017-04-13 09:41:11,129.61,129.72
2017-04-13 09:41:12,129.61,129.72
2017-04-13 09:41:13,129.61,129.71
2017-04-13 09:41:14,129.61,129.71
2017-04-13 09:41:15,129.65,129.74
2017-04-13 09:41:16,129.66,129.79
2017-04-13 09:41:17,129.66,129.79
2017-04-13 09:41:18,129.67,129.79
2017-04-13 09:41:19,129.67,129.79
2017-04-13 09:41:20,129.67,129.79
2017-04-13 09:41:21,129.67,129.79
2017-04-13 09:41:22,129.67,129.79
2017-04-13 09:41:23,129.67,129.79
2017-04-13 09:41:24,129.67,129.79
2017-04-13 09:41:25,129.67,129.79
2017-04-13 09:41:26,129.67,129.79
2017-04-13 09:41:27,129.67,129.79
2017-04-13 09:41:28,129.67,129.79
2017-04-13 09:41:29,129.67,129.79
2017-04-13 09:41:30,129.68,129.79
2017-04-13 09:41:31,129.68,129.79
2017-04-13 09:41:32,129.68,129.79
2017-04-13 09:41:33,129.68,129.79
2017-04-13 09:41:34,129.7,129.79
2017-04-13 09:41:35,129.7,129.79
2017-04-13 09:41:36,129.71,129.79
2017-04-13 09:41:37,129.71,129.79
2017-04-13 09:41:38,129.71,129.79
2017-04-13 09:41:39,129.71,129.79
2017-04-13 09:41:40,129.71,129.79
2017-04-13 09:41:41,129.71,129.79
2017-04-13 09:41:42,129.71,129.79
2017-04-13 09:41:43,129.71,129.79
2017-04-13 09:41:44,129.71,129.79
2017-04-13 09:41:45,129.71,129.79
2017-04-13 09:41:46,129.72,129.79
2017-04-13 09:41:47,129.72,129.79
2017-04-13 09:41:48,129.74,129.84
2017-04-13 09:41:49,129.74,129.84
2017-04-13 09:41:50,129.74,129.84
2017-04-13 09:41:51,129.74,129.86
2017-04-13 09:41:52,129.74,129.88
2017-04-13 09:41:53,129.74,129.88
2017-04-13 09:41:54,129.74,129.86
2017-04-13 09:41:55,129.73,129.84
2017-04-13 09:41:56,129.73,129.83
2017-04-13 09:41:57,129.73,129.83
2017-04-13 09:41:58,129.73,129.83
2017-04-13 09:41:59,129.73,129.83
2017-04-13 09:42:00,129.73,129.83
2017-04-13 09:42:01,129.73,129.83
2017-04-13 09:42:02,129.73,129.83
2017-04-13 09:42:03,129.73,129.83
2017-04-13 09:42:04,129.73,129.83
2017-04-13 09:42:05,129.73,129.83
2017-04-13 09:42:06,129.73,129.82
2017-04-13 09:42:07,129.73,129.82
2017-04-13 09:42:08,129.73,129.82
2017-04-13 09:42:09,129.73,129.82
2017-04-13 09:42:10,129.73,129.82
2017-04-13 09:42:11,129.73,129.82
2017-04-13 09:42:12,129.73,129.82
2017-04-13 09:42:13,129.73,129.82
2017-04-13 09:42:14,129.78,129.87
2017-04-13 09:42:15,129.78,129.87
2017-04-13 09:42:16,129.78,129.87
2017-04-13 09:42:17,129.78,129.85
2017-04-13 09:42:18,129.79,129.87
2017-04-13 09:42:19,129.79,129.87
2017-04-13 09:42:20,129.79,129.86
2017-04-13 09:42:21,129.79,129.86
2017-04-13 09:42:22,129.79,129.86
2017-04-13 09:42:23,129.79,129.86
2017-04-13 09:42:24,129.79,129.86
2017-04-13 09:42:25,129.79,129.86
2017-04-13 09:42:26,129.79,129.86
2017-04-13 09:42:27,129.79,129.86
2017-04-13 09:42:28,129.79,129.86
2017-04-13 09:42:29,129.79,129.86
2017-04-13 09:42:30,129.79,129.86
2017-04-13 09:42:31,129.79,129.86
2017-04-13 09:42:32,129.79,129.86
2017-04-13 09:42:33,129.79,129.86
2017-04-13 09:42:34,129.79,129.86
2017-04-13 09:42:35,129.79,129.86
2017-04-13 09:42:36,129.82,129.87
2017-04-13 09:42:37,129.82,129.87
2017-04-13 09:42:38,129.82,129.87
2017-04-13 09:42:39,129.82,129.86
2017-04-13 09:42:40,129.82,129.86
2017-04-13 09:42:41,129.79,129.84
2017-04-13 09:42:42,129.79,129.84
2017-04-13 09:42:43,129.79,129.84
2017-04-13 09:42:44,129.79,129.84
2017-04-13 09:42:45,129.79,129.84
2017-04-13 09:42:46,129.79,129.84
2017-04-13 09:42:47,129.79,129.84
2017-04-13 09:42:48,129.79,129.85
2017-04-13 09:42:49,129.79,129.85
2017-04-13 09:42:50,129.79,129.85
2017-04-13 09:42:51,129.77,129.85
2017-04-13 09:42:52,129.78,129.85
2017-04-13 09:42:53,129.77,129.85
2017-04-13 09:42:54,129.77,129.85
2017-04-13 09:42:55,129.77,129.85
2017-04-13 09:42:56,129.77,129.84
2017-04-13 09:42:57,129.77,129.85
2017-04-13 09:42:58,129.77,129.84
2017-04-13 09:42:59,129.77,129.84
2017-04-13 09:43:00,129.77,129.84
2017-04-13 09:43:01,129.77,129.84
2017-04-13 09:43:02,129.77,129.84
2017-04-13 09:43:03,129.77,129.84
2017-04-13 09:43:04,129.77,129.85
2017-04-13 09:43:05,129.77,129.85
2017-04-13 09:43:06,129.78,129.85
2017-04-13 09:43:07,129.78,129.84
2017-04-13 09:43:08,129.78,129.85
2017-04-13 09:43:09,129.78,129.85
2017-04-13 09:43:10,129.78,129.85
2017-04-13 09:43:11,129.78,129.84
2017-04-13 09:43:12,129.78,129.85
2017-04-13 09:43:13,129.78,129.85
2017-04-13 09:43:14,129.78,129.85
2017-04-13 09:43:15,129.78,129.85
2017-04-13 09:43:16,129.78,129.85
2017-04-13 09:43:17,129.78,129.85
2017-04-13 09:43:18,129.78,129.84
2017-04-13 09:43:19,129.79,129.84
2017-04-13 09:43:20,129.78,129.84
2017-04-13 09:43:21,129.78,129.84
2017-04-13 09:43:22,129.78,129.84
2017-04-13 09:43:23,129.78,129.84
2017-04-13 09:43:24,129.78,129.84
2017-04-13 09:43:25,129.78,129.84
2017-04-13 09:43:26,129.78,129.84
2017-04-13 09:43:27,129.78,129.84
2017-04-13 09:43:28,129.78,129.84
2017-04-13 09:43:29,129.78,129.84
2017-04-13 09:43:30,129.78,129.84
2017-04-13 09:43:31,129.77,129.83
2017-04-13 09:43:32,129.77,129.84
2017-04-13 09:43:33,129.77,129.84
2017-04-13 09:43:34,129.77,129.84
2017-04-13 09:43:35,129.77,129.84
2017-04-13 09:43:36,129.77,129.84
2017-04-13 09:43:37,129.77,129.84
2017-04-13 09:43:38,129.77,129.84
2017-04-13 09:43:39,129.77,129.84
2017-04-13 09:43:40,129.77,129.84
2017-04-13 09:43:41,129.77,129.84
2017-04-13 09:43:42,129.77,129.84
2017-04-13 09:43:43,129.77,129.84
2017-04-13 09:43:44,129.77,129.84
2017-04-13 09:43:45,129.77,129.83
2017-04-13 09:43:46,129.75,129.85
2017-04-13 09:43:47,129.75,129.85
2017-04-13 09:43:48,129.75,129.84
2017-04-13 09:43:49,129.75,129.84
2017-04-13 09:43:50,129.75,129.84
2017-04-13 09:43:51,129.75,129.84
2017-04-13 09:43:52,129.75,129.84
2017-04-13 09:43:53,129.75,129.84
2017-04-13 09:43:54,129.73,129.84
2017-04-13 09:43:55,129.73,129.84
2017-04-13 09:43:56,129.73,129.84
2017-04-13 09:43:57,129.73,129.84
2017-04-13 09:43:58,129.73,129.84
2017-04-13 09:43:59,129.74,129.84
2017-04-13 09:44:00,129.74,129.84
2017-04-13 09:44:01,129.74,129.84
2017-04-13 09:44:02,129.74,129.84
2017-04-13 09:44:03,129.74,129.84
2017-04-13 09:44:04,129.74,129.84
2017-04-13 09:44:05,129.74,129.84
2017-04-13 09:44:06,129.74,129.84
2017-04-13 09:44:07,129.74,129.84
2017-04-13 09:44:08,129.75,129.84
2017-04-13 09:44:09,129.75,129.84
2017-04-13 09:44:10,129.75,129.84
2017-04-13 09:44:11,129.75,129.84
2017-04-13 09:44:12,129.75,129.84
2017-04-13 09:44:13,129.75,129.84
2017-04-13 09:44:14,129.75,129.84
2017-04-13 09:44:15,129.75,129.84
2017-04-13 09:44:16,129.75,129.84
2017-04-13 09:44:17,129.75,129.84
2017-04-13 09:44:18,129.75,129.84
2017-04-13 09:44:19,129.75,129.84
2017-04-13 09:44:20,129.75,129.84
2017-04-13 09:44:21,129.76,129.84
2017-04-13 09:44:22,129.76,129.84
2017-04-13 09:44:23,129.76,129.84
2017-04-13 09:44:24,129.77,129.85
2017-04-13 09:44:25,129.78,129.86
2017-04-13 09:44:26,129.79,129.86
2017-04-13 09:44:27,129.79,129.86
2017-04-13 09:44:28,129.79,129.86
2017-04-13 09:44:29,129.79,129.87
2017-04-13 09:44:30,129.79,129.86
2017-04-13 09:44:31,129.79,129.86
2017-04-13 09:44:32,129.79,129.87
2017-04-13 09:44:33,129.79,129.86
2017-04-13 09:44:34,129.79,129.87
2017-04-13 09:44:35,129.79,129.87
2017-04-13 09:44:36,129.79,129.87
2017-04-13 09:44:37,129.79,129.87
2017-04-13 09:44:38,129.79,129.87
2017-04-13 09:44:39,129.79,129.87
2017-04-13 09:44:40,129.79,129.87
2017-04-13 09:44:41,129.79,129.87
2017-04-13 09:44:42,129.79,129.87
2017-04-13 09:44:43,129.79,129.86
2017-04-13 09:44:44,129.79,129.87
2017-04-13 09:44:45,129.79,129.86
2017-04-13 09:44:46,129.79,129.86
2017-04-13 09:44:47,129.79,129.86
2017-04-13 09:44:48,129.79,129.86
2017-04-13 09:44:49,129.79,129.86
2017-04-13 09:44:50,129.79,129.87
2017-04-13 09:44:51,129.79,129.87
2017-04-13 09:44:52,129.79,129.86
2017-04-13 09:44:53,129.79,129.85
2017-04-13 09:44:54,129.79,129.85
2017-04-13 09:44:55,129.79,129.87
2017-04-13 09:44:56,129.79,129.87
2017-04-13 09:44:57,129.79,129.86
2017-04-13 09:44:58,129.79,129.86
2017-04-13 09:44:59,129.79,129.87
2017-04-13 09:45:00,129.79,129.86
2017-04-13 09:45:01,129.79,129.87
2017-04-13 09:45:02,129.79,129.86
2017-04-13 09:45:03,129.79,129.86
2017-04-13 09:45:04,129.79,129.86
2017-04-13 09:45:05,129.79,129.86
2017-04-13 09:45:06,129.79,129.86
2017-04-13 09:45:07,129.79,129.86
2017-04-13 09:45:08,129.79,129.86
2017-04-13 09:45:09,129.79,129.86
2017-04-13 09:45:10,129.79,129.86
2017-04-13 09:45:11,129.79,129.86
2017-04-13 09:45:12,129.79,129.86
2017-04-13 09:45:13,129.79,129.86
2017-04-13 09:45:14,129.79,129.86
2017-04-13 09:45:15,129.79,129.86
2017-04-13 09:45:16,129.79,129.86
2017-04-13 09:45:17,129.79,129.85
2017-04-13 09:45:18,129.77,129.85
2017-04-13 09:45:19,129.77,129.85
2017-04-13 09:45:20,129.77,129.85
2017-04-13 09:45:21,129.77,129.85
2017-04-13 09:45:22,129.77,129.85
2017-04-13 09:45:23,129.77,129.85
2017-04-13 09:45:24,129.77,129.85
2017-04-13 09:45:25,129.77,129.85
2017-04-13 09:45:26,129.77,129.85
2017-04-13 09:45:27,129.77,129.85
2017-04-13 09:45:28,129.77,129.85
2017-04-13 09:45:29,129.77,129.85
2017-04-13 09:45:30,129.77,129.85
2017-04-13 09:45:31,129.77,129.84
2017-04-13 09:45:32,129.77,129.84
2017-04-13 09:45:33,129.77,129.84
2017-04-13 09:45:34,129.77,129.84
2017-04-13 09:45:35,129.77,129.84
2017-04-13 09:45:36,129.77,129.84
2017-04-13 09:45:37,129.79,129.87
2017-04-13 09:45:38,129.79,129.87
2017-04-13 09:45:39,129.79,129.87
2017-04-13 09:45:40,129.79,129.87
2017-04-13 09:45:41,129.79,129.87
2017-04-13 09:45:42,129.79,129.87
2017-04-13 09:45:43,129.8,129.87
2017-04-13 09:45:44,129.8,129.87
2017-04-13 09:45:45,129.8,129.87
2017-04-13 09:45:46,129.79,129.86
2017-04-13 09:45:47,129.79,129.86
2017-04-13 09:45:48,129.79,129.86
2017-04-13 09:45:49,129.79,129.86
2017-04-13 09:45:50,129.79,129.86
2017-04-13 09:45:51,129.79,129.86
2017-04-13 09:45:52,129.79,129.86
2017-04-13 09:45:53,129.79,129.86
2017-04-13 09:45:54,129.69,129.83
2017-04-13 09:45:55,129.71,129.82
2017-04-13 09:45:56,129.71,129.82
2017-04-13 09:45:57,129.71,129.82
2017-04-13 09:45:58,129.71,129.82
2017-04-13 09:45:59,129.71,129.82
2017-04-13 09:46:00,129.71,129.81
2017-04-13 09:46:01,129.71,129.81
2017-04-13 09:46:02,129.71,129.81
2017-04-13 09:46:03,129.71,129.81
2017-04-13 09:46:04,129.71,129.81
2017-04-13 09:46:05,129.71,129.81
2017-04-13 09:46:06,129.79,129.86
2017-04-13 09:46:07,129.79,129.86
2017-04-13 09:46:08,129.79,129.87
2017-04-13 09:46:09,129.79,129.87
2017-04-13 09:46:10,129.79,129.87
2017-04-13 09:46:11,129.79,129.87
2017-04-13 09:46:12,129.79,129.87
2017-04-13 09:46:13,129.79,129.87
2017-04-13 09:46:14,129.8,129.87
2017-04-13 09:46:15,129.8,129.87
2017-04-13 09:46:16,129.8,129.87
2017-04-13 09:46:17,129.8,129.86
2017-04-13 09:46:18,129.8,129.86
2017-04-13 09:46:19,129.8,129.86
2017-04-13 09:46:20,129.81,129.86
2017-04-13 09:46:21,129.81,129.86
2017-04-13 09:46:22,129.81,129.86
2017-04-13 09:46:23,129.81,129.86
2017-04-13 09:46:24,129.81,129.86
2017-04-13 09:46:25,129.81,129.86
2017-04-13 09:46:26,129.81,129.86
2017-04-13 09:46:27,129.81,129.86
2017-04-13 09:46:28,129.81,129.86
2017-04-13 09:46:29,129.81,129.86
2017-04-13 09:46:30,129.81,129.86
2017-04-13 09:46:31,129.81,129.86
2017-04-13 09:46:32,129.81,129.86
2017-04-13 09:46:33,129.81,129.86
2017-04-13 09:46:34,129.81,129.86
2017-04-13 09:46:35,129.81,129.86
2017-04-13 09:46:36,129.81,129.86
2017-04-13 09:46:37,129.81,129.85
2017-04-13 09:46:38,129.81,129.85
2017-04-13 09:46:39,129.81,129.85
2017-04-13 09:46:40,129.81,129.85
2017-04-13 09:46:41,129.81,129.85
2017-04-13 09:46:42,129.81,129.85
2017-04-13 09:46:43,129.81,129.85
2017-04-13 09:46:44,129.85,129.87
2017-04-13 09:46:45,129.85,129.87
2017-04-13 09:46:46,129.85,129.87
2017-04-13 09:46:47,129.85,129.89
2017-04-13 09:46:48,129.85,129.89
2017-04-13 09:46:49,129.85,129.89
2017-04-13 09:46:50,129.85,129.89
2017-04-13 09:46:51,129.85,129.89
2017-04-13 09:46:52,129.85,129.89
2017-04-13 09:46:53,129.85,129.89
2017-04-13 09:46:54,129.85,129.89
2017-04-13 09:46:55,129.85,129.89
2017-04-13 09:46:56,129.85,129.89
2017-04-13 09:46:57,129.85,129.89
2017-04-13 09:46:58,129.85,129.89
2017-04-13 09:46:59,129.85,129.89
2017-04-13 09:47:00,129.85,129.89
2017-04-13 09:47:01,129.85,129.89
2017-04-13 09:47:02,129.8,129.88
2017-04-13 09:47:03,129.8,129.88
2017-04-13 09:47:04,129.8,129.88
2017-04-13 09:47:05,129.8,129.88
2017-04-13 09:47:06,129.8,129.88
2017-04-13 09:47:07,129.8,129.88
2017-04-13 09:47:08,129.8,129.88
2017-04-13 09:47:09,129.8,129.88
2017-04-13 09:47:10,129.81,129.88
2017-04-13 09:47:11,129.81,129.88
2017-04-13 09:47:12,129.82,129.89
2017-04-13 09:47:13,129.82,129.89
2017-04-13 09:47:14,129.82,129.89
2017-04-13 09:47:15,129.82,129.89
2017-04-13 09:47:16,129.82,129.89
2017-04-13 09:47:17,129.82,129.89
2017-04-13 09:47:18,129.82,129.89
2017-04-13 09:47:19,129.82,129.89
2017-04-13 09:47:20,129.82,129.89
2017-04-13 09:47:21,129.82,129.89
2017-04-13 09:47:22,129.82,129.89
2017-04-13 09:47:23,129.82,129.9
2017-04-13 09:47:24,129.82,129.9
2017-04-13 09:47:25,129.82,129.9
2017-04-13 09:47:26,129.84,129.9
2017-04-13 09:47:27,129.85,129.9
2017-04-13 09:47:28,129.85,129.9
2017-04-13 09:47:29,129.85,129.9
2017-04-13 09:47:30,129.85,129.9
2017-04-13 09:47:31,129.85,129.9
2017-04-13 09:47:32,129.85,129.9
2017-04-13 09:47:33,129.85,129.9
2017-04-13 09:47:34,129.85,129.9
2017-04-13 09:47:35,129.85,129.9
2017-04-13 09:47:36,129.85,129.9
2017-04-13 09:47:37,129.85,129.9
2017-04-13 09:47:38,129.85,129.9
2017-04-13 09:47:39,129.86,129.9
2017-04-13 09:47:40,129.86,129.9
2017-04-13 09:47:41,129.86,129.9
2017-04-13 09:47:42,129.86,129.9
2017-04-13 09:47:43,129.86,129.9
2017-04-13 09:47:44,129.86,129.94
2017-04-13 09:47:45,129.86,129.94
2017-04-13 09:47:46,129.86,129.94
2017-04-13 09:47:47,129.86,129.94
2017-04-13 09:47:48,129.86,129.94
2017-04-13 09:47:49,129.86,129.94
2017-04-13 09:47:50,129.86,129.94
2017-04-13 09:47:51,129.86,129.94
2017-04-13 09:47:52,129.86,129.94
2017-04-13 09:47:53,129.86,129.94
2017-04-13 09:47:54,129.86,129.93
2017-04-13 09:47:55,129.86,129.93
2017-04-13 09:47:56,129.86,129.93
2017-04-13 09:47:57,129.86,129.93
2017-04-13 09:47:58,129.86,129.93
2017-04-13 09:47:59,129.86,129.93
2017-04-13 09:48:00,129.86,129.93
2017-04-13 09:48:01,129.86,129.93
2017-04-13 09:48:02,129.86,129.93
2017-04-13 09:48:03,129.86,129.93
2017-04-13 09:48:04,129.86,129.93
2017-04-13 09:48:05,129.86,129.93
2017-04-13 09:48:06,129.86,129.93
2017-04-13 09:48:07,129.86,129.93
2017-04-13 09:48:08,129.86,129.93
2017-04-13 09:48:09,129.86,129.93
2017-04-13 09:48:10,129.86,129.93
2017-04-13 09:48:11,129.86,129.93
2017-04-13 09:48:12,129.9,129.93
2017-04-13 09:48:13,129.92,129.97
2017-04-13 09:48:14,129.92,129.97
2017-04-13 09:48:15,129.92,129.97
2017-04-13 09:48:16,129.92,129.97
2017-04-13 09:48:17,129.92,129.97
2017-04-13 09:48:18,129.92,129.97
2017-04-13 09:48:19,129.92,129.97
2017-04-13 09:48:20,129.92,129.97
2017-04-13 09:48:21,129.92,129.97
2017-04-13 09:48:22,129.92,129.97
2017-04-13 09:48:23,129.92,129.97
2017-04-13 09:48:24,129.92,129.97
2017-04-13 09:48:25,129.92,129.97
2017-04-13 09:48:26,129.92,129.97
2017-04-13 09:48:27,129.92,129.97
2017-04-13 09:48:28,129.92,129.97
2017-04-13 09:48:29,129.92,129.97
2017-04-13 09:48:30,129.92,129.97
2017-04-13 09:48:31,129.92,129.97
2017-04-13 09:48:32,129.92,129.97
2017-04-13 09:48:33,129.92,129.97
2017-04-13 09:48:34,129.92,129.97
2017-04-13 09:48:35,129.92,129.96
2017-04-13 09:48:36,129.92,129.97
2017-04-13 09:48:37,129.92,129.96
2017-04-13 09:48:38,129.92,129.96
2017-04-13 09:48:39,129.91,129.96
2017-04-13 09:48:40,129.91,129.96
2017-04-13 09:48:41,129.91,129.96
2017-04-13 09:48:42,129.91,129.96
2017-04-13 09:48:43,129.91,129.96
2017-04-13 09:48:44,129.91,129.96
2017-04-13 09:48:45,129.92,129.96
2017-04-13 09:48:46,129.93,129.99
2017-04-13 09:48:47,129.93,129.99
2017-04-13 09:48:48,129.94,129.99
2017-04-13 09:48:49,129.95,130.0
2017-04-13 09:48:50,129.95,130.0
2017-04-13 09:48:51,129.95,130.0
2017-04-13 09:48:52,129.95,130.0
2017-04-13 09:48:53,129.95,130.0
2017-04-13 09:48:54,129.95,130.0
2017-04-13 09:48:55,129.93,129.98
2017-04-13 09:48:56,129.93,129.99
2017-04-13 09:48:57,129.93,129.99
2017-04-13 09:48:58,129.93,129.99
2017-04-13 09:48:59,129.93,130.0
2017-04-13 09:49:00,129.93,130.0
2017-04-13 09:49:01,129.93,130.0
2017-04-13 09:49:02,129.93,129.99
2017-04-13 09:49:03,129.93,129.99
2017-04-13 09:49:04,129.93,129.99
2017-04-13 09:49:05,129.93,129.99
2017-04-13 09:49:06,129.93,129.99
2017-04-13 09:49:07,129.93,129.99
2017-04-13 09:49:08,129.93,129.99
2017-04-13 09:49:09,129.91,129.93
2017-04-13 09:49:10,129.82,129.92
2017-04-13 09:49:11,129.82,129.92
2017-04-13 09:49:12,129.82,129.92
2017-04-13 09:49:13,129.82,129.92
2017-04-13 09:49:14,129.82,129.92
2017-04-13 09:49:15,129.82,129.92
2017-04-13 09:49:16,129.82,129.92
2017-04-13 09:49:17,129.82,129.92
2017-04-13 09:49:18,129.82,129.92
2017-04-13 09:49:19,129.82,129.92
2017-04-13 09:49:20,129.82,129.92
2017-04-13 09:49:21,129.82,129.92
2017-04-13 09:49:22,129.82,129.92
2017-04-13 09:49:23,129.82,129.92
2017-04-13 09:49:24,129.82,129.92
2017-04-13 09:49:25,129.82,129.92
2017-04-13 09:49:26,129.82,129.92
2017-04-13 09:49:27,129.82,129.92
2017-04-13 09:49:28,129.82,129.92
2017-04-13 09:49:29,129.82,129.92
2017-04-13 09:49:30,129.82,129.92
2017-04-13 09:49:31,129.82,129.92
2017-04-13 09:49:32,129.82,129.92
2017-04-13 09:49:33,129.82,129.92
2017-04-13 09:49:34,129.82,129.92
2017-04-13 09:49:35,129.82,129.92
2017-04-13 09:49:36,129.82,129.92
2017-04-13 09:49:37,129.82,129.92
2017-04-13 09:49:38,129.82,129.92
2017-04-13 09:49:39,129.82,129.92
2017-04-13 09:49:40,129.82,129.92
2017-04-13 09:49:41,129.82,129.92
2017-04-13 09:49:42,129.82,129.92
2017-04-13 09:49:43,129.82,129.92
2017-04-13 09:49:44,129.82,129.92
2017-04-13 09:49:45,129.82,129.92
2017-04-13 09:49:46,129.82,129.92
2017-04-13 09:49:47,129.82,129.92
2017-04-13 09:49:48,129.9,129.97
2017-04-13 09:49:49,129.9,129.97
2017-04-13 09:49:50,129.9,129.97
2017-04-13 09:49:51,129.9,129.97
2017-04-13 09:49:52,129.9,129.97
2017-04-13 09:49:53,129.9,129.97
2017-04-13 09:49:54,129.9,129.97
2017-04-13 09:49:55,129.9,129.97
2017-04-13 09:49:56,129.9,129.97
2017-04-13 09:49:57,129.9,129.97
2017-04-13 09:49:58,129.9,129.97
2017-04-13 09:49:59,129.9,129.97
2017-04-13 09:50:00,129.9,129.97
2017-04-13 09:50:01,129.9,129.97
2017-04-13 09:50:02,129.9,129.97
2017-04-13 09:50:03,129.9,129.97
2017-04-13 09:50:04,129.9,129.97
2017-04-13 09:50:05,129.9,129.97
2017-04-13 09:50:06,129.9,129.97
2017-04-13 09:50:07,129.9,129.97
2017-04-13 09:50:08,129.9,129.97
2017-04-13 09:50:09,129.91,129.97
2017-04-13 09:50:10,129.91,129.97
2017-04-13 09:50:11,129.91,129.97
2017-04-13 09:50:12,129.91,129.97
2017-04-13 09:50:13,129.91,129.97
2017-04-13 09:50:14,129.91,129.97
2017-04-13 09:50:15,129.91,129.97
2017-04-13 09:50:16,129.91,129.97
2017-04-13 09:50:17,129.91,129.97
2017-04-13 09:50:18,129.91,129.97
2017-04-13 09:50:19,129.91,129.97
2017-04-13 09:50:20,129.91,129.97
2017-04-13 09:50:21,129.84,129.9
2017-04-13 09:50:22,129.84,129.89
2017-04-13 09:50:23,129.84,129.89
2017-04-13 09:50:24,129.84,129.89
2017-04-13 09:50:25,129.84,129.89
2017-04-13 09:50:26,129.84,129.89
2017-04-13 09:50:27,129.84,129.89
2017-04-13 09:50:28,129.84,129.89
2017-04-13 09:50:29,129.84,129.89
2017-04-13 09:50:30,129.86,129.95
2017-04-13 09:50:31,129.86,129.96
2017-04-13 09:50:32,129.86,129.96
2017-04-13 09:50:33,129.86,129.96
2017-04-13 09:50:34,129.86,129.96
2017-04-13 09:50:35,129.86,129.96
2017-04-13 09:50:36,129.86,129.96
2017-04-13 09:50:37,129.86,129.96
2017-04-13 09:50:38,129.86,129.96
2017-04-13 09:50:39,129.86,129.96
2017-04-13 09:50:40,129.86,129.96
2017-04-13 09:50:41,129.86,129.96
2017-04-13 09:50:42,129.86,129.96
2017-04-13 09:50:43,129.86,129.96
2017-04-13 09:50:44,129.86,129.96
2017-04-13 09:50:45,129.86,129.96
2017-04-13 09:50:46,129.86,129.96
2017-04-13 09:50:47,129.86,129.96
2017-04-13 09:50:48,129.86,129.96
2017-04-13 09:50:49,129.86,129.96
2017-04-13 09:50:50,129.86,129.96
2017-04-13 09:50:51,129.86,129.96
2017-04-13 09:50:52,129.86,129.96
2017-04-13 09:50:53,129.86,129.96
2017-04-13 09:50:54,129.86,129.96
2017-04-13 09:50:55,129.86,129.96
2017-04-13 09:50:56,129.86,129.96
2017-04-13 09:50:57,129.92,129.99
2017-04-13 09:50:58,129.92,129.99
2017-04-13 09:50:59,129.92,129.99
2017-04-13 09:51:00,129.92,129.99
2017-04-13 09:51:01,129.92,129.99
2017-04-13 09:51:02,129.92,129.99
2017-04-13 09:51:03,129.92,130.0
2017-04-13 09:51:04,129.92,130.0
2017-04-13 09:51:05,129.92,130.0
2017-04-13 09:51:06,129.92,130.0
2017-04-13 09:51:07,129.92,130.0
2017-04-13 09:51:08,129.92,130.0
2017-04-13 09:51:09,129.92,130.0
2017-04-13 09:51:10,129.92,130.0
2017-04-13 09:51:11,129.92,130.0
2017-04-13 09:51:12,129.92,130.0
2017-04-13 09:51:13,129.92,130.0
2017-04-13 09:51:14,129.97,130.03
2017-04-13 09:51:15,130.0,130.05
2017-04-13 09:51:16,130.0,130.05
2017-04-13 09:51:17,130.0,130.05
2017-04-13 09:51:18,130.0,130.05
2017-04-13 09:51:19,130.0,130.05
2017-04-13 09:51:20,130.0,130.05
2017-04-13 09:51:21,130.0,130.05
2017-04-13 09:51:22,130.02,130.08
2017-04-13 09:51:23,130.02,130.08
2017-04-13 09:51:24,130.02,130.08
2017-04-13 09:51:25,130.02,130.08
2017-04-13 09:51:26,130.03,130.09
2017-04-13 09:51:27,130.03,130.09
2017-04-13 09:51:28,130.03,130.09
2017-04-13 09:51:29,130.03,130.09
2017-04-13 09:51:30,130.03,130.09
2017-04-13 09:51:31,130.05,130.13
2017-04-13 09:51:32,130.05,130.12
2017-04-13 09:51:33,130.05,130.12
2017-04-13 09:51:34,130.05,130.12
2017-04-13 09:51:35,130.05,130.12
2017-04-13 09:51:36,130.05,130.12
2017-04-13 09:51:37,130.05,130.12
2017-04-13 09:51:38,130.05,130.12
2017-04-13 09:51:39,130.0,130.03
2017-04-13 09:51:40,130.0,130.03
2017-04-13 09:51:41,130.0,130.03
2017-04-13 09:51:42,130.0,130.03
2017-04-13 09:51:43,130.0,130.03
2017-04-13 09:51:44,129.94,130.0
2017-04-13 09:51:45,129.94,130.0
2017-04-13 09:51:46,129.94,130.0
2017-04-13 09:51:47,129.94,130.0
2017-04-13 09:51:48,129.94,130.0
2017-04-13 09:51:49,129.97,130.04
2017-04-13 09:51:50,129.97,130.04
2017-04-13 09:51:51,129.97,130.05
2017-04-13 09:51:52,130.0,130.05
2017-04-13 09:51:53,130.0,130.05
2017-04-13 09:51:54,130.0,130.05
2017-04-13 09:51:55,130.0,130.05
2017-04-13 09:51:56,130.0,130.05
2017-04-13 09:51:57,130.0,130.05
2017-04-13 09:51:58,130.0,130.05
2017-04-13 09:51:59,130.0,130.05
2017-04-13 09:52:00,130.0,130.05
2017-04-13 09:52:01,130.0,130.05
2017-04-13 09:52:02,130.0,130.05
2017-04-13 09:52:03,130.0,130.05
2017-04-13 09:52:04,130.0,130.05
2017-04-13 09:52:05,130.03,130.12
2017-04-13 09:52:06,130.03,130.12
2017-04-13 09:52:07,130.03,130.12
2017-04-13 09:52:08,130.03,130.12
2017-04-13 09:52:09,130.03,130.12
2017-04-13 09:52:10,130.03,130.12
2017-04-13 09:52:11,130.03,130.12
2017-04-13 09:52:12,130.03,130.11
2017-04-13 09:52:13,130.03,130.1
2017-04-13 09:52:14,130.03,130.1
2017-04-13 09:52:15,130.03,130.1
2017-04-13 09:52:16,130.03,130.1
2017-04-13 09:52:17,130.03,130.1
2017-04-13 09:52:18,130.03,130.1
2017-04-13 09:52:19,130.03,130.1
2017-04-13 09:52:20,130.03,130.1
2017-04-13 09:52:21,130.05,130.11
2017-04-13 09:52:22,130.05,130.11
2017-04-13 09:52:23,130.05,130.11
2017-04-13 09:52:24,130.05,130.11
2017-04-13 09:52:25,130.05,130.11
2017-04-13 09:52:26,130.05,130.11
2017-04-13 09:52:27,130.06,130.12
2017-04-13 09:52:28,130.06,130.12
2017-04-13 09:52:29,130.06,130.12
2017-04-13 09:52:30,130.06,130.12
2017-04-13 09:52:31,130.06,130.12
2017-04-13 09:52:32,130.06,130.12
2017-04-13 09:52:33,130.06,130.12
2017-04-13 09:52:34,130.06,130.12
2017-04-13 09:52:35,130.06,130.12
2017-04-13 09:52:36,130.06,130.12
2017-04-13 09:52:37,130.06,130.12
2017-04-13 09:52:38,130.06,130.12
2017-04-13 09:52:39,130.06,130.12
2017-04-13 09:52:40,130.06,130.12
2017-04-13 09:52:41,130.06,130.12
2017-04-13 09:52:42,130.06,130.12
2017-04-13 09:52:43,130.06,130.12
2017-04-13 09:52:44,130.06,130.12
2017-04-13 09:52:45,130.06,130.12
2017-04-13 09:52:46,130.09,130.2
2017-04-13 09:52:47,130.11,130.2
2017-04-13 09:52:48,130.11,130.2
2017-04-13 09:52:49,130.11,130.17
2017-04-13 09:52:50,130.11,130.17
2017-04-13 09:52:51,130.11,130.17
2017-04-13 09:52:52,130.11,130.17
2017-04-13 09:52:53,130.11,130.17
2017-04-13 09:52:54,130.11,130.17
2017-04-13 09:52:55,130.15,130.2
2017-04-13 09:52:56,130.14,130.2
2017-04-13 09:52:57,130.14,130.2
2017-04-13 09:52:58,130.17,130.2
2017-04-13 09:52:59,130.19,130.25
2017-04-13 09:53:00,130.17,130.25
2017-04-13 09:53:01,130.17,130.25
2017-04-13 09:53:02,130.17,130.25
2017-04-13 09:53:03,130.17,130.24
2017-04-13 09:53:04,130.17,130.24
2017-04-13 09:53:05,130.17,130.24
2017-04-13 09:53:06,130.17,130.24
2017-04-13 09:53:07,130.07,130.18
2017-04-13 09:53:08,130.08,130.18
2017-04-13 09:53:09,130.08,130.18
2017-04-13 09:53:10,130.08,130.18
2017-04-13 09:53:11,130.12,130.18
2017-04-13 09:53:12,130.16,130.18
2017-04-13 09:53:13,130.09,130.18
2017-04-13 09:53:14,130.09,130.18
2017-04-13 09:53:15,130.09,130.18
2017-04-13 09:53:16,130.09,130.17
2017-04-13 09:53:17,130.09,130.17
2017-04-13 09:53:18,130.09,130.17
2017-04-13 09:53:19,130.09,130.18
2017-04-13 09:53:20,130.09,130.18
2017-04-13 09:53:21,130.09,130.17
2017-04-13 09:53:22,130.09,130.17
2017-04-13 09:53:23,130.09,130.17
2017-04-13 09:53:24,130.12,130.18
2017-04-13 09:53:25,130.05,130.12
2017-04-13 09:53:26,130.05,130.16
2017-04-13 09:53:27,130.05,130.14
2017-04-13 09:53:28,130.05,130.14
2017-04-13 09:53:29,130.05,130.14
2017-04-13 09:53:30,130.05,130.14
2017-04-13 09:53:31,130.05,130.14
2017-04-13 09:53:32,130.05,130.14
2017-04-13 09:53:33,130.05,130.14
2017-04-13 09:53:34,130.05,130.14
2017-04-13 09:53:35,130.05,130.14
2017-04-13 09:53:36,130.05,130.14
2017-04-13 09:53:37,130.05,130.13
2017-04-13 09:53:38,130.05,130.13
2017-04-13 09:53:39,130.05,130.13
2017-04-13 09:53:40,130.03,130.12
2017-04-13 09:53:41,130.03,130.12
2017-04-13 09:53:42,130.03,130.12
2017-04-13 09:53:43,130.03,130.12
2017-04-13 09:53:44,130.04,130.12
2017-04-13 09:53:45,130.04,130.12
2017-04-13 09:53:46,130.04,130.12
2017-04-13 09:53:47,130.04,130.12
2017-04-13 09:53:48,130.03,130.06
2017-04-13 09:53:49,130.03,130.06
2017-04-13 09:53:50,130.03,130.06
2017-04-13 09:53:51,130.03,130.06
2017-04-13 09:53:52,130.03,130.06
2017-04-13 09:53:53,130.03,130.06
2017-04-13 09:53:54,130.03,130.06
2017-04-13 09:53:55,130.03,130.06
2017-04-13 09:53:56,130.03,130.06
2017-04-13 09:53:57,130.03,130.06
2017-04-13 09:53:58,130.03,130.06
2017-04-13 09:53:59,130.03,130.06
2017-04-13 09:54:00,130.03,130.06
2017-04-13 09:54:01,130.03,130.06
2017-04-13 09:54:02,130.03,130.06
2017-04-13 09:54:03,130.0,130.04
2017-04-13 09:54:04,130.0,130.05
2017-04-13 09:54:05,130.0,130.05
2017-04-13 09:54:06,130.0,130.05
2017-04-13 09:54:07,130.01,130.05
2017-04-13 09:54:08,130.01,130.05
2017-04-13 09:54:09,130.01,130.05
2017-04-13 09:54:10,130.01,130.05
2017-04-13 09:54:11,130.01,130.04
2017-04-13 09:54:12,130.01,130.04
2017-04-13 09:54:13,130.02,130.03
2017-04-13 09:54:14,130.02,130.03
2017-04-13 09:54:15,130.01,130.03
2017-04-13 09:54:16,130.01,130.03
2017-04-13 09:54:17,130.0,130.03
2017-04-13 09:54:18,130.0,130.03
2017-04-13 09:54:19,130.0,130.03
2017-04-13 09:54:20,130.0,130.03
2017-04-13 09:54:21,130.0,130.03
2017-04-13 09:54:22,130.0,130.03
2017-04-13 09:54:23,130.0,130.03
2017-04-13 09:54:24,130.0,130.03
2017-04-13 09:54:25,130.01,130.06
2017-04-13 09:54:26,130.0,130.06
2017-04-13 09:54:27,130.0,130.06
2017-04-13 09:54:28,130.0,130.06
2017-04-13 09:54:29,130.0,130.06
2017-04-13 09:54:30,130.0,130.06
2017-04-13 09:54:31,130.0,130.06
2017-04-13 09:54:32,130.0,130.06
2017-04-13 09:54:33,130.0,130.06
2017-04-13 09:54:34,130.0,130.06
2017-04-13 09:54:35,130.0,130.06
2017-04-13 09:54:36,130.0,130.06
2017-04-13 09:54:37,130.0,130.06
2017-04-13 09:54:38,130.0,130.06
2017-04-13 09:54:39,130.0,130.06
2017-04-13 09:54:40,130.0,130.06
2017-04-13 09:54:41,130.0,130.06
2017-04-13 09:54:42,130.01,130.06
2017-04-13 09:54:43,130.02,130.06
2017-04-13 09:54:44,130.02,130.08
2017-04-13 09:54:45,130.02,130.08
2017-04-13 09:54:46,130.02,130.08
2017-04-13 09:54:47,130.04,130.08
2017-04-13 09:54:48,130.04,130.08
2017-04-13 09:54:49,130.04,130.08
2017-04-13 09:54:50,130.04,130.09
2017-04-13 09:54:51,130.04,130.09
2017-04-13 09:54:52,130.04,130.09
2017-04-13 09:54:53,130.04,130.09
2017-04-13 09:54:54,130.04,130.09
2017-04-13 09:54:55,130.04,130.09
2017-04-13 09:54:56,130.04,130.09
2017-04-13 09:54:57,130.04,130.14
2017-04-13 09:54:58,130.06,130.14
2017-04-13 09:54:59,130.07,130.14
2017-04-13 09:55:00,130.07,130.14
2017-04-13 09:55:01,130.07,130.14
2017-04-13 09:55:02,130.08,130.14
2017-04-13 09:55:03,130.1,130.16
2017-04-13 09:55:04,130.1,130.16
2017-04-13 09:55:05,130.11,130.16
2017-04-13 09:55:06,130.12,130.16
2017-04-13 09:55:07,130.13,130.16
2017-04-13 09:55:08,130.13,130.16
2017-04-13 09:55:09,130.13,130.16
2017-04-13 09:55:10,130.13,130.16
2017-04-13 09:55:11,130.13,130.16
2017-04-13 09:55:12,130.11,130.16
2017-04-13 09:55:13,130.11,130.16
2017-04-13 09:55:14,130.11,130.16
2017-04-13 09:55:15,130.11,130.16
2017-04-13 09:55:16,130.11,130.16
2017-04-13 09:55:17,130.11,130.16
2017-04-13 09:55:18,130.11,130.16
2017-04-13 09:55:19,130.11,130.16
2017-04-13 09:55:20,130.11,130.16
2017-04-13 09:55:21,130.11,130.16
2017-04-13 09:55:22,130.11,130.15
2017-04-13 09:55:23,130.11,130.15
2017-04-13 09:55:24,130.11,130.15
2017-04-13 09:55:25,130.11,130.15
2017-04-13 09:55:26,130.11,130.15
2017-04-13 09:55:27,130.11,130.15
2017-04-13 09:55:28,130.11,130.15
2017-04-13 09:55:29,130.11,130.15
2017-04-13 09:55:30,130.11,130.15
2017-04-13 09:55:31,130.11,130.15
2017-04-13 09:55:32,130.11,130.15
2017-04-13 09:55:33,130.11,130.15
2017-04-13 09:55:34,130.11,130.15
2017-04-13 09:55:35,130.11,130.15
2017-04-13 09:55:36,130.11,130.15
2017-04-13 09:55:37,130.11,130.23
2017-04-13 09:55:38,130.12,130.23
2017-04-13 09:55:39,130.13,130.23
2017-04-13 09:55:40,130.13,130.23
2017-04-13 09:55:41,130.13,130.23
2017-04-13 09:55:42,130.15,130.23
2017-04-13 09:55:43,130.15,130.23
2017-04-13 09:55:44,130.15,130.22
2017-04-13 09:55:45,130.15,130.22
2017-04-13 09:55:46,130.15,130.22
2017-04-13 09:55:47,130.15,130.22
2017-04-13 09:55:48,130.15,130.22
2017-04-13 09:55:49,130.15,130.22
2017-04-13 09:55:50,130.15,130.22
2017-04-13 09:55:51,130.16,130.22
2017-04-13 09:55:52,130.16,130.22
2017-04-13 09:55:53,130.16,130.22
2017-04-13 09:55:54,130.16,130.22
2017-04-13 09:55:55,130.16,130.22
2017-04-13 09:55:56,130.16,130.22
2017-04-13 09:55:57,130.16,130.22
2017-04-13 09:55:58,130.16,130.22
2017-04-13 09:55:59,130.16,130.22
2017-04-13 09:56:00,130.16,130.22
2017-04-13 09:56:01,130.16,130.21
2017-04-13 09:56:02,130.16,130.21
2017-04-13 09:56:03,130.16,130.22
2017-04-13 09:56:04,130.16,130.22
2017-04-13 09:56:05,130.16,130.22
2017-04-13 09:56:06,130.16,130.22
2017-04-13 09:56:07,130.16,130.22
2017-04-13 09:56:08,130.16,130.22
2017-04-13 09:56:09,130.16,130.22
2017-04-13 09:56:10,130.16,130.22
2017-04-13 09:56:11,130.16,130.22
2017-04-13 09:56:12,130.16,130.21
2017-04-13 09:56:13,130.16,130.21
2017-04-13 09:56:14,130.16,130.21
2017-04-13 09:56:15,130.16,130.2
2017-04-13 09:56:16,130.16,130.2
2017-04-13 09:56:17,130.16,130.2
2017-04-13 09:56:18,130.16,130.2
2017-04-13 09:56:19,130.16,130.2
2017-04-13 09:56:20,130.16,130.2
2017-04-13 09:56:21,130.16,130.2
2017-04-13 09:56:22,130.16,130.2
2017-04-13 09:56:23,130.16,130.2
2017-04-13 09:56:24,130.16,130.2
2017-04-13 09:56:25,130.16,130.22
2017-04-13 09:56:26,130.16,130.22
2017-04-13 09:56:27,130.16,130.22
2017-04-13 09:56:28,130.15,130.21
2017-04-13 09:56:29,130.15,130.21
2017-04-13 09:56:30,130.15,130.21
2017-04-13 09:56:31,130.15,130.21
2017-04-13 09:56:32,130.15,130.21
2017-04-13 09:56:33,130.15,130.21
2017-04-13 09:56:34,130.15,130.21
2017-04-13 09:56:35,130.15,130.21
2017-04-13 09:56:36,130.15,130.21
2017-04-13 09:56:37,130.15,130.21
2017-04-13 09:56:38,130.15,130.21
2017-04-13 09:56:39,130.15,130.21
2017-04-13 09:56:40,130.15,130.21
2017-04-13 09:56:41,130.15,130.21
2017-04-13 09:56:42,130.15,130.21
2017-04-13 09:56:43,130.15,130.21
2017-04-13 09:56:44,130.15,130.21
2017-04-13 09:56:45,130.11,130.19
2017-04-13 09:56:46,130.11,130.18
2017-04-13 09:56:47,130.11,130.18
2017-04-13 09:56:48,130.11,130.18
2017-04-13 09:56:49,130.11,130.18
2017-04-13 09:56:50,130.14,130.19
2017-04-13 09:56:51,130.15,130.19
2017-04-13 09:56:52,130.17,130.2
2017-04-13 09:56:53,130.17,130.2
2017-04-13 09:56:54,130.17,130.2
2017-04-13 09:56:55,130.17,130.2
2017-04-13 09:56:56,130.17,130.2
2017-04-13 09:56:57,130.17,130.2
2017-04-13 09:56:58,130.17,130.2
2017-04-13 09:56:59,130.17,130.2
2017-04-13 09:57:00,130.17,130.2
2017-04-13 09:57:01,130.17,130.2
2017-04-13 09:57:02,130.18,130.22
2017-04-13 09:57:03,130.18,130.22
2017-04-13 09:57:04,130.18,130.22
2017-04-13 09:57:05,130.18,130.22
2017-04-13 09:57:06,130.18,130.22
2017-04-13 09:57:07,130.18,130.22
2017-04-13 09:57:08,130.18,130.22
2017-04-13 09:57:09,130.18,130.22
2017-04-13 09:57:10,130.18,130.22
2017-04-13 09:57:11,130.18,130.22
2017-04-13 09:57:12,130.18,130.22
2017-04-13 09:57:13,130.18,130.22
2017-04-13 09:57:14,130.18,130.22
2017-04-13 09:57:15,130.18,130.22
2017-04-13 09:57:16,130.18,130.22
2017-04-13 09:57:17,130.18,130.22
2017-04-13 09:57:18,130.18,130.22
2017-04-13 09:57:19,130.18,130.22
2017-04-13 09:57:20,130.18,130.22
2017-04-13 09:57:21,130.18,130.22
2017-04-13 09:57:22,130.18,130.22
2017-04-13 09:57:23,130.18,130.22
2017-04-13 09:57:24,130.18,130.22
2017-04-13 09:57:25,130.18,130.22
2017-04-13 09:57:26,130.18,130.22
2017-04-13 09:57:27,130.18,130.22
2017-04-13 09:57:28,130.18,130.22
2017-04-13 09:57:29,130.18,130.22
2017-04-13 09:57:30,130.18,130.22
2017-04-13 09:57:31,130.18,130.22
2017-04-13 09:57:32,130.18,130.22
2017-04-13 09:57:33,130.18,130.22
2017-04-13 09:57:34,130.18,130.22
2017-04-13 09:57:35,130.18,130.22
2017-04-13 09:57:36,130.18,130.22
2017-04-13 09:57:37,130.18,130.22
2017-04-13 09:57:38,130.18,130.22
2017-04-13 09:57:39,130.18,130.22
2017-04-13 09:57:40,130.18,130.22
2017-04-13 09:57:41,130.18,130.22
2017-04-13 09:57:42,130.18,130.22
2017-04-13 09:57:43,130.18,130.22
2017-04-13 09:57:44,130.18,130.22
2017-04-13 09:57:45,130.18,130.22
2017-04-13 09:57:46,130.18,130.22
2017-04-13 09:57:47,130.2,130.26
2017-04-13 09:57:48,130.21,130.25
2017-04-13 09:57:49,130.21,130.25
2017-04-13 09:57:50,130.21,130.26
2017-04-13 09:57:51,130.21,130.26
2017-04-13 09:57:52,130.21,130.26
2017-04-13 09:57:53,130.21,130.26
2017-04-13 09:57:54,130.21,130.26
2017-04-13 09:57:55,130.21,130.26
2017-04-13 09:57:56,130.21,130.26
2017-04-13 09:57:57,130.21,130.26
2017-04-13 09:57:58,130.21,130.26
2017-04-13 09:57:59,130.21,130.26
2017-04-13 09:58:00,130.21,130.26
2017-04-13 09:58:01,130.21,130.28
2017-04-13 09:58:02,130.21,130.28
2017-04-13 09:58:03,130.22,130.28
2017-04-13 09:58:04,130.22,130.28
2017-04-13 09:58:05,130.22,130.28
2017-04-13 09:58:06,130.22,130.28
2017-04-13 09:58:07,130.22,130.28
2017-04-13 09:58:08,130.22,130.28
2017-04-13 09:58:09,130.22,130.28
2017-04-13 09:58:10,130.22,130.28
2017-04-13 09:58:11,130.22,130.28
2017-04-13 09:58:12,130.22,130.28
2017-04-13 09:58:13,130.22,130.28
2017-04-13 09:58:14,130.22,130.28
2017-04-13 09:58:15,130.22,130.28
2017-04-13 09:58:16,130.19,130.25
2017-04-13 09:58:17,130.19,130.25
2017-04-13 09:58:18,130.19,130.25
2017-04-13 09:58:19,130.19,130.25
2017-04-13 09:58:20,130.19,130.25
2017-04-13 09:58:21,130.19,130.25
2017-04-13 09:58:22,130.19,130.25
2017-04-13 09:58:23,130.19,130.25
2017-04-13 09:58:24,130.19,130.25
2017-04-13 09:58:25,130.19,130.25
2017-04-13 09:58:26,130.19,130.25
2017-04-13 09:58:27,130.19,130.25
2017-04-13 09:58:28,130.19,130.25
2017-04-13 09:58:29,130.19,130.25
2017-04-13 09:58:30,130.19,130.25
2017-04-13 09:58:31,130.19,130.25
2017-04-13 09:58:32,130.19,130.25
2017-04-13 09:58:33,130.19,130.25
2017-04-13 09:58:34,130.19,130.25
2017-04-13 09:58:35,130.19,130.25
2017-04-13 09:58:36,130.19,130.25
2017-04-13 09:58:37,130.19,130.25
2017-04-13 09:58:38,130.19,130.25
2017-04-13 09:58:39,130.19,130.25
2017-04-13 09:58:40,130.19,130.25
2017-04-13 09:58:41,130.19,130.25
2017-04-13 09:58:42,130.19,130.25
2017-04-13 09:58:43,130.19,130.25
2017-04-13 09:58:44,130.19,130.25
2017-04-13 09:58:45,130.19,130.25
2017-04-13 09:58:46,130.19,130.25
2017-04-13 09:58:47,130.19,130.25
2017-04-13 09:58:48,130.19,130.25
2017-04-13 09:58:49,130.19,130.26
2017-04-13 09:58:50,130.19,130.26
2017-04-13 09:58:51,130.19,130.26
2017-04-13 09:58:52,130.19,130.26
2017-04-13 09:58:53,130.19,130.26
2017-04-13 09:58:54,130.19,130.26
2017-04-13 09:58:55,130.19,130.26
2017-04-13 09:58:56,130.19,130.26
2017-04-13 09:58:57,130.19,130.26
2017-04-13 09:58:58,130.19,130.26
2017-04-13 09:58:59,130.19,130.26
2017-04-13 09:59:00,130.19,130.26
2017-04-13 09:59:01,130.19,130.26
2017-04-13 09:59:02,130.19,130.26
2017-04-13 09:59:03,130.19,130.26
2017-04-13 09:59:04,130.19,130.26
2017-04-13 09:59:05,130.19,130.26
2017-04-13 09:59:06,130.22,130.26
2017-04-13 09:59:07,130.22,130.26
2017-04-13 09:59:08,130.22,130.26
2017-04-13 09:59:09,130.22,130.26
2017-04-13 09:59:10,130.22,130.26
2017-04-13 09:59:11,130.22,130.29
2017-04-13 09:59:12,130.22,130.29
2017-04-13 09:59:13,130.22,130.28
2017-04-13 09:59:14,130.17,130.23
2017-04-13 09:59:15,130.17,130.25
2017-04-13 09:59:16,130.17,130.25
2017-04-13 09:59:17,130.17,130.25
2017-04-13 09:59:18,130.17,130.24
2017-04-13 09:59:19,130.17,130.24
2017-04-13 09:59:20,130.17,130.24
2017-04-13 09:59:21,130.17,130.24
2017-04-13 09:59:22,130.17,130.22
2017-04-13 09:59:23,130.17,130.22
2017-04-13 09:59:24,130.17,130.22
2017-04-13 09:59:25,130.17,130.22
2017-04-13 09:59:26,130.17,130.23
2017-04-13 09:59:27,130.17,130.23
2017-04-13 09:59:28,130.17,130.23
2017-04-13 09:59:29,130.17,130.23
2017-04-13 09:59:30,130.17,130.23
2017-04-13 09:59:31,130.17,130.23
2017-04-13 09:59:32,130.17,130.2
2017-04-13 09:59:33,130.17,130.2
2017-04-13 09:59:34,130.17,130.2
2017-04-13 09:59:35,130.17,130.23
2017-04-13 09:59:36,130.17,130.23
2017-04-13 09:59:37,130.17,130.23
2017-04-13 09:59:38,130.17,130.23
2017-04-13 09:59:39,130.17,130.23
2017-04-13 09:59:40,130.17,130.23
2017-04-13 09:59:41,130.17,130.23
2017-04-13 09:59:42,130.17,130.23
2017-04-13 09:59:43,130.17,130.23
2017-04-13 09:59:44,130.17,130.23
2017-04-13 09:59:45,130.17,130.23
2017-04-13 09:59:46,130.17,130.23
2017-04-13 09:59:47,130.17,130.23
2017-04-13 09:59:48,130.17,130.23
2017-04-13 09:59:49,130.17,130.23
2017-04-13 09:59:50,130.17,130.23
2017-04-13 09:59:51,130.17,130.23
2017-04-13 09:59:52,130.17,130.23
2017-04-13 09:59:53,130.17,130.23
2017-04-13 09:59:54,130.17,130.23
2017-04-13 09:59:55,130.17,130.23
2017-04-13 09:59:56,130.17,130.23
2017-04-13 09:59:57,130.17,130.23
2017-04-13 09:59:58,130.17,130.23
2017-04-13 09:59:59,130.17,130.22
2017-04-13 10:00:00,130.17,130.23
2017-04-13 10:00:01,130.17,130.23
2017-04-13 10:00:02,130.17,130.23
2017-04-13 10:00:03,130.17,130.23
2017-04-13 10:00:04,130.17,130.23
2017-04-13 10:00:05,130.17,130.23
2017-04-13 10:00:06,130.17,130.24
2017-04-13 10:00:07,130.17,130.24
2017-04-13 10:00:08,130.17,130.24
2017-04-13 10:00:09,130.17,130.24
2017-04-13 10:00:10,130.17,130.24
2017-04-13 10:00:11,130.17,130.24
2017-04-13 10:00:12,130.17,130.24
2017-04-13 10:00:13,130.17,130.24
2017-04-13 10:00:14,130.17,130.24
2017-04-13 10:00:15,130.17,130.24
2017-04-13 10:00:16,130.17,130.24
2017-04-13 10:00:17,130.17,130.24
2017-04-13 10:00:18,130.17,130.24
2017-04-13 10:00:19,130.17,130.24
2017-04-13 10:00:20,130.17,130.24
2017-04-13 10:00:21,130.17,130.24
2017-04-13 10:00:22,130.2,130.28
2017-04-13 10:00:23,130.18,130.28
2017-04-13 10:00:24,130.18,130.28
2017-04-13 10:00:25,130.18,130.28
2017-04-13 10:00:26,130.18,130.28
2017-04-13 10:00:27,130.23,130.28
2017-04-13 10:00:28,130.24,130.28
2017-04-13 10:00:29,130.24,130.28
2017-04-13 10:00:30,130.23,130.28
2017-04-13 10:00:31,130.23,130.28
2017-04-13 10:00:32,130.23,130.28
2017-04-13 10:00:33,130.23,130.28
2017-04-13 10:00:34,130.23,130.28
2017-04-13 10:00:35,130.23,130.28
2017-04-13 10:00:36,130.23,130.28
2017-04-13 10:00:37,130.23,130.28
2017-04-13 10:00:38,130.23,130.28
2017-04-13 10:00:39,130.23,130.28
2017-04-13 10:00:40,130.23,130.28
2017-04-13 10:00:41,130.23,130.28
2017-04-13 10:00:42,130.23,130.28
2017-04-13 10:00:43,130.23,130.28
2017-04-13 10:00:44,130.23,130.28
2017-04-13 10:00:45,130.23,130.28
2017-04-13 10:00:46,130.23,130.28
2017-04-13 10:00:47,130.23,130.28
2017-04-13 10:00:48,130.23,130.28
2017-04-13 10:00:49,130.23,130.28
2017-04-13 10:00:50,130.23,130.28
2017-04-13 10:00:51,130.23,130.28
2017-04-13 10:00:52,130.23,130.28
2017-04-13 10:00:53,130.23,130.28
2017-04-13 10:00:54,130.23,130.28
2017-04-13 10:00:55,130.23,130.28
2017-04-13 10:00:56,130.19,130.24
2017-04-13 10:00:57,130.19,130.23
2017-04-13 10:00:58,130.19,130.23
2017-04-13 10:00:59,130.19,130.23
2017-04-13 10:01:00,130.19,130.23
2017-04-13 10:01:01,130.19,130.23
2017-04-13 10:01:02,130.19,130.23
2017-04-13 10:01:03,130.19,130.23
2017-04-13 10:01:04,130.19,130.23
2017-04-13 10:01:05,130.19,130.23
2017-04-13 10:01:06,130.2,130.27
2017-04-13 10:01:07,130.2,130.27
2017-04-13 10:01:08,130.2,130.27
2017-04-13 10:01:09,130.2,130.27
2017-04-13 10:01:10,130.2,130.27
2017-04-13 10:01:11,130.2,130.27
2017-04-13 10:01:12,130.2,130.26
2017-04-13 10:01:13,130.2,130.26
2017-04-13 10:01:14,130.15,130.21
2017-04-13 10:01:15,130.15,130.22
2017-04-13 10:01:16,130.16,130.22
2017-04-13 10:01:17,130.16,130.22
2017-04-13 10:01:18,130.16,130.22
2017-04-13 10:01:19,130.16,130.22
2017-04-13 10:01:20,130.16,130.22
2017-04-13 10:01:21,130.16,130.22
2017-04-13 10:01:22,130.16,130.22
2017-04-13 10:01:23,130.16,130.22
2017-04-13 10:01:24,130.16,130.22
2017-04-13 10:01:25,130.16,130.22
2017-04-13 10:01:26,130.16,130.22
2017-04-13 10:01:27,130.16,130.22
2017-04-13 10:01:28,130.16,130.22
2017-04-13 10:01:29,130.16,130.22
2017-04-13 10:01:30,130.16,130.22
2017-04-13 10:01:31,130.16,130.22
2017-04-13 10:01:32,130.17,130.24
2017-04-13 10:01:33,130.17,130.24
2017-04-13 10:01:34,130.17,130.24
2017-04-13 10:01:35,130.17,130.24
2017-04-13 10:01:36,130.21,130.27
2017-04-13 10:01:37,130.21,130.27
2017-04-13 10:01:38,130.21,130.27
2017-04-13 10:01:39,130.21,130.27
2017-04-13 10:01:40,130.21,130.27
2017-04-13 10:01:41,130.21,130.27
2017-04-13 10:01:42,130.21,130.27
2017-04-13 10:01:43,130.21,130.27
2017-04-13 10:01:44,130.21,130.27
2017-04-13 10:01:45,130.21,130.27
2017-04-13 10:01:46,130.21,130.27
2017-04-13 10:01:47,130.21,130.27
2017-04-13 10:01:48,130.21,130.27
2017-04-13 10:01:49,130.21,130.27
2017-04-13 10:01:50,130.21,130.27
2017-04-13 10:01:51,130.21,130.27
2017-04-13 10:01:52,130.21,130.27
2017-04-13 10:01:53,130.21,130.27
2017-04-13 10:01:54,130.21,130.27
2017-04-13 10:01:55,130.24,130.29
2017-04-13 10:01:56,130.24,130.29
2017-04-13 10:01:57,130.24,130.29
2017-04-13 10:01:58,130.24,130.27
2017-04-13 10:01:59,130.24,130.29
2017-04-13 10:02:00,130.24,130.29
2017-04-13 10:02:01,130.24,130.29
2017-04-13 10:02:02,130.24,130.29
2017-04-13 10:02:03,130.3,130.32
2017-04-13 10:02:04,130.31,130.35
2017-04-13 10:02:05,130.32,130.35
2017-04-13 10:02:06,130.32,130.35
2017-04-13 10:02:07,130.32,130.35
2017-04-13 10:02:08,130.34,130.37
2017-04-13 10:02:09,130.35,130.4
2017-04-13 10:02:10,130.35,130.4
2017-04-13 10:02:11,130.35,130.4
2017-04-13 10:02:12,130.35,130.4
2017-04-13 10:02:13,130.37,130.44
2017-04-13 10:02:14,130.37,130.44
2017-04-13 10:02:15,130.37,130.43
2017-04-13 10:02:16,130.37,130.43
2017-04-13 10:02:17,130.37,130.43
2017-04-13 10:02:18,130.37,130.43
2017-04-13 10:02:19,130.37,130.43
2017-04-13 10:02:20,130.37,130.43
2017-04-13 10:02:21,130.37,130.43
2017-04-13 10:02:22,130.37,130.43
2017-04-13 10:02:23,130.37,130.41
2017-04-13 10:02:24,130.34,130.39
2017-04-13 10:02:25,130.32,130.38
2017-04-13 10:02:26,130.32,130.38
2017-04-13 10:02:27,130.32,130.38
2017-04-13 10:02:28,130.32,130.38
2017-04-13 10:02:29,130.32,130.38
2017-04-13 10:02:30,130.32,130.38
2017-04-13 10:02:31,130.32,130.38
2017-04-13 10:02:32,130.32,130.38
2017-04-13 10:02:33,130.32,130.38
2017-04-13 10:02:34,130.32,130.38
2017-04-13 10:02:35,130.32,130.38
2017-04-13 10:02:36,130.29,130.35
2017-04-13 10:02:37,130.29,130.35
2017-04-13 10:02:38,130.28,130.35
2017-04-13 10:02:39,130.27,130.35
2017-04-13 10:02:40,130.27,130.35
2017-04-13 10:02:41,130.27,130.35
2017-04-13 10:02:42,130.27,130.35
2017-04-13 10:02:43,130.27,130.35
2017-04-13 10:02:44,130.27,130.35
2017-04-13 10:02:45,130.27,130.35
2017-04-13 10:02:46,130.27,130.35
2017-04-13 10:02:47,130.27,130.35
2017-04-13 10:02:48,130.27,130.35
2017-04-13 10:02:49,130.27,130.35
2017-04-13 10:02:50,130.27,130.34
2017-04-13 10:02:51,130.27,130.34
2017-04-13 10:02:52,130.27,130.34
2017-04-13 10:02:53,130.27,130.34
2017-04-13 10:02:54,130.27,130.34
2017-04-13 10:02:55,130.27,130.34
2017-04-13 10:02:56,130.27,130.34
2017-04-13 10:02:57,130.29,130.34
2017-04-13 10:02:58,130.3,130.35
2017-04-13 10:02:59,130.3,130.35
2017-04-13 10:03:00,130.3,130.35
2017-04-13 10:03:01,130.3,130.35
2017-04-13 10:03:02,130.3,130.35
2017-04-13 10:03:03,130.3,130.35
2017-04-13 10:03:04,130.3,130.35
2017-04-13 10:03:05,130.31,130.34
2017-04-13 10:03:06,130.33,130.35
2017-04-13 10:03:07,130.3,130.34
2017-04-13 10:03:08,130.3,130.34
2017-04-13 10:03:09,130.3,130.34
2017-04-13 10:03:10,130.3,130.34
2017-04-13 10:03:11,130.3,130.34
2017-04-13 10:03:12,130.3,130.34
2017-04-13 10:03:13,130.3,130.34
2017-04-13 10:03:14,130.3,130.34
2017-04-13 10:03:15,130.3,130.34
2017-04-13 10:03:16,130.3,130.34
2017-04-13 10:03:17,130.3,130.34
2017-04-13 10:03:18,130.3,130.34
2017-04-13 10:03:19,130.3,130.34
2017-04-13 10:03:20,130.3,130.34
2017-04-13 10:03:21,130.3,130.34
2017-04-13 10:03:22,130.3,130.34
2017-04-13 10:03:23,130.27,130.33
2017-04-13 10:03:24,130.27,130.33
2017-04-13 10:03:25,130.27,130.33
2017-04-13 10:03:26,130.27,130.33
2017-04-13 10:03:27,130.27,130.33
2017-04-13 10:03:28,130.27,130.32
2017-04-13 10:03:29,130.27,130.32
2017-04-13 10:03:30,130.27,130.32
2017-04-13 10:03:31,130.27,130.32
2017-04-13 10:03:32,130.27,130.32
2017-04-13 10:03:33,130.27,130.32
2017-04-13 10:03:34,130.27,130.32
2017-04-13 10:03:35,130.27,130.32
2017-04-13 10:03:36,130.27,130.32
2017-04-13 10:03:37,130.27,130.32
2017-04-13 10:03:38,130.27,130.33
2017-04-13 10:03:39,130.27,130.33
2017-04-13 10:03:40,130.27,130.33
2017-04-13 10:03:41,130.27,130.33
2017-04-13 10:03:42,130.27,130.33
2017-04-13 10:03:43,130.27,130.33
2017-04-13 10:03:44,130.27,130.33
2017-04-13 10:03:45,130.27,130.33
2017-04-13 10:03:46,130.27,130.33
2017-04-13 10:03:47,130.27,130.33
2017-04-13 10:03:48,130.27,130.33
2017-04-13 10:03:49,130.27,130.33
2017-04-13 10:03:50,130.27,130.33
2017-04-13 10:03:51,130.27,130.33
2017-04-13 10:03:52,130.27,130.33
2017-04-13 10:03:53,130.27,130.33
2017-04-13 10:03:54,130.27,130.33
2017-04-13 10:03:55,130.27,130.33
2017-04-13 10:03:56,130.27,130.33
2017-04-13 10:03:57,130.28,130.33
2017-04-13 10:03:58,130.29,130.33
2017-04-13 10:03:59,130.29,130.33
2017-04-13 10:04:00,130.29,130.33
2017-04-13 10:04:01,130.29,130.33
2017-04-13 10:04:02,130.29,130.33
2017-04-13 10:04:03,130.29,130.33
2017-04-13 10:04:04,130.29,130.33
2017-04-13 10:04:05,130.29,130.33
2017-04-13 10:04:06,130.29,130.33
2017-04-13 10:04:07,130.29,130.33
2017-04-13 10:04:08,130.29,130.33
2017-04-13 10:04:09,130.23,130.26
2017-04-13 10:04:10,130.23,130.26
2017-04-13 10:04:11,130.23,130.26
2017-04-13 10:04:12,130.23,130.26
2017-04-13 10:04:13,130.23,130.26
2017-04-13 10:04:14,130.23,130.26
2017-04-13 10:04:15,130.21,130.24
2017-04-13 10:04:16,130.21,130.24
2017-04-13 10:04:17,130.21,130.24
2017-04-13 10:04:18,130.24,130.28
2017-04-13 10:04:19,130.24,130.28
2017-04-13 10:04:20,130.24,130.28
2017-04-13 10:04:21,130.24,130.32
2017-04-13 10:04:22,130.24,130.32
2017-04-13 10:04:23,130.24,130.32
2017-04-13 10:04:24,130.24,130.32
2017-04-13 10:04:25,130.24,130.32
2017-04-13 10:04:26,130.24,130.32
2017-04-13 10:04:27,130.24,130.32
2017-04-13 10:04:28,130.24,130.32
2017-04-13 10:04:29,130.24,130.32
2017-04-13 10:04:30,130.24,130.32
2017-04-13 10:04:31,130.24,130.32
2017-04-13 10:04:32,130.24,130.32
2017-04-13 10:04:33,130.24,130.32
2017-04-13 10:04:34,130.24,130.32
2017-04-13 10:04:35,130.24,130.32
2017-04-13 10:04:36,130.24,130.32
2017-04-13 10:04:37,130.24,130.32
2017-04-13 10:04:38,130.24,130.32
2017-04-13 10:04:39,130.24,130.32
2017-04-13 10:04:40,130.24,130.32
2017-04-13 10:04:41,130.24,130.32
2017-04-13 10:04:42,130.24,130.32
2017-04-13 10:04:43,130.24,130.32
2017-04-13 10:04:44,130.24,130.32
2017-04-13 10:04:45,130.24,130.32
2017-04-13 10:04:46,130.24,130.32
2017-04-13 10:04:47,130.24,130.32
2017-04-13 10:04:48,130.24,130.32
2017-04-13 10:04:49,130.24,130.32
2017-04-13 10:04:50,130.24,130.32
2017-04-13 10:04:51,130.24,130.32
2017-04-13 10:04:52,130.24,130.32
2017-04-13 10:04:53,130.24,130.32
2017-04-13 10:04:54,130.24,130.32
2017-04-13 10:04:55,130.24,130.32
2017-04-13 10:04:56,130.29,130.36
2017-04-13 10:04:57,130.29,130.36
2017-04-13 10:04:58,130.29,130.36
2017-04-13 10:04:59,130.29,130.36
2017-04-13 10:05:00,130.29,130.36
2017-04-13 10:05:01,130.29,130.36
2017-04-13 10:05:02,130.29,130.36
2017-04-13 10:05:03,130.29,130.36
2017-04-13 10:05:04,130.29,130.35
2017-04-13 10:05:05,130.29,130.35
2017-04-13 10:05:06,130.29,130.35
2017-04-13 10:05:07,130.29,130.35
2017-04-13 10:05:08,130.29,130.35
2017-04-13 10:05:09,130.29,130.35
2017-04-13 10:05:10,130.29,130.35
2017-04-13 10:05:11,130.29,130.35
2017-04-13 10:05:12,130.29,130.35
2017-04-13 10:05:13,130.29,130.35
2017-04-13 10:05:14,130.29,130.35
2017-04-13 10:05:15,130.29,130.35
2017-04-13 10:05:16,130.29,130.35
2017-04-13 10:05:17,130.29,130.35
2017-04-13 10:05:18,130.25,130.33
2017-04-13 10:05:19,130.25,130.32
2017-04-13 10:05:20,130.25,130.32
2017-04-13 10:05:21,130.25,130.32
2017-04-13 10:05:22,130.25,130.32
2017-04-13 10:05:23,130.25,130.31
2017-04-13 10:05:24,130.25,130.31
2017-04-13 10:05:25,130.25,130.31
2017-04-13 10:05:26,130.25,130.31
2017-04-13 10:05:27,130.25,130.31
2017-04-13 10:05:28,130.25,130.31
2017-04-13 10:05:29,130.25,130.31
2017-04-13 10:05:30,130.25,130.32
2017-04-13 10:05:31,130.25,130.32
2017-04-13 10:05:32,130.25,130.32
2017-04-13 10:05:33,130.25,130.32
2017-04-13 10:05:34,130.25,130.31
2017-04-13 10:05:35,130.25,130.31
2017-04-13 10:05:36,130.25,130.31
2017-04-13 10:05:37,130.25,130.31
2017-04-13 10:05:38,130.25,130.31
2017-04-13 10:05:39,130.25,130.31
2017-04-13 10:05:40,130.25,130.31
2017-04-13 10:05:41,130.26,130.31
2017-04-13 10:05:42,130.26,130.31
2017-04-13 10:05:43,130.26,130.31
2017-04-13 10:05:44,130.26,130.31
2017-04-13 10:05:45,130.26,130.31
2017-04-13 10:05:46,130.26,130.31
2017-04-13 10:05:47,130.27,130.34
2017-04-13 10:05:48,130.27,130.34
2017-04-13 10:05:49,130.27,130.34
2017-04-13 10:05:50,130.27,130.34
2017-04-13 10:05:51,130.27,130.34
2017-04-13 10:05:52,130.27,130.34
2017-04-13 10:05:53,130.27,130.34
2017-04-13 10:05:54,130.27,130.34
2017-04-13 10:05:55,130.29,130.34
2017-04-13 10:05:56,130.29,130.35
2017-04-13 10:05:57,130.29,130.35
2017-04-13 10:05:58,130.29,130.35
2017-04-13 10:05:59,130.29,130.35
2017-04-13 10:06:00,130.29,130.35
2017-04-13 10:06:01,130.29,130.35
2017-04-13 10:06:02,130.29,130.35
2017-04-13 10:06:03,130.29,130.35
2017-04-13 10:06:04,130.29,130.35
2017-04-13 10:06:05,130.29,130.35
2017-04-13 10:06:06,130.29,130.35
2017-04-13 10:06:07,130.29,130.35
2017-04-13 10:06:08,130.29,130.35
2017-04-13 10:06:09,130.3,130.35
2017-04-13 10:06:10,130.3,130.35
2017-04-13 10:06:11,130.3,130.35
2017-04-13 10:06:12,130.3,130.35
2017-04-13 10:06:13,130.26,130.31
2017-04-13 10:06:14,130.25,130.3
2017-04-13 10:06:15,130.25,130.3
2017-04-13 10:06:16,130.25,130.3
2017-04-13 10:06:17,130.25,130.3
2017-04-13 10:06:18,130.25,130.3
2017-04-13 10:06:19,130.25,130.3
2017-04-13 10:06:20,130.25,130.3
2017-04-13 10:06:21,130.25,130.3
2017-04-13 10:06:22,130.24,130.3
2017-04-13 10:06:23,130.24,130.3
2017-04-13 10:06:24,130.24,130.3
2017-04-13 10:06:25,130.24,130.3
2017-04-13 10:06:26,130.24,130.3
2017-04-13 10:06:27,130.24,130.3
2017-04-13 10:06:28,130.24,130.3
2017-04-13 10:06:29,130.24,130.3
2017-04-13 10:06:30,130.24,130.3
2017-04-13 10:06:31,130.2,130.29
2017-04-13 10:06:32,130.2,130.29
2017-04-13 10:06:33,130.2,130.29
2017-04-13 10:06:34,130.2,130.29
2017-04-13 10:06:35,130.2,130.29
2017-04-13 10:06:36,130.2,130.29
2017-04-13 10:06:37,130.2,130.29
2017-04-13 10:06:38,130.2,130.29
2017-04-13 10:06:39,130.2,130.29
2017-04-13 10:06:40,130.2,130.29
2017-04-13 10:06:41,130.2,130.29
2017-04-13 10:06:42,130.2,130.29
2017-04-13 10:06:43,130.2,130.29
2017-04-13 10:06:44,130.2,130.29
2017-04-13 10:06:45,130.2,130.29
2017-04-13 10:06:46,130.2,130.28
2017-04-13 10:06:47,130.2,130.27
2017-04-13 10:06:48,130.2,130.27
2017-04-13 10:06:49,130.2,130.27
2017-04-13 10:06:50,130.2,130.27
2017-04-13 10:06:51,130.2,130.27
2017-04-13 10:06:52,130.2,130.27
2017-04-13 10:06:53,130.2,130.27
2017-04-13 10:06:54,130.2,130.27
2017-04-13 10:06:55,130.2,130.27
2017-04-13 10:06:56,130.2,130.27
2017-04-13 10:06:57,130.2,130.27
2017-04-13 10:06:58,130.2,130.27
2017-04-13 10:06:59,130.2,130.27
2017-04-13 10:07:00,130.2,130.27
2017-04-13 10:07:01,130.14,130.18
2017-04-13 10:07:02,130.13,130.18
2017-04-13 10:07:03,130.13,130.18
2017-04-13 10:07:04,130.13,130.18
2017-04-13 10:07:05,130.12,130.16
2017-04-13 10:07:06,130.12,130.16
2017-04-13 10:07:07,130.1,130.15
2017-04-13 10:07:08,130.1,130.15
2017-04-13 10:07:09,130.1,130.15
2017-04-13 10:07:10,130.1,130.15
2017-04-13 10:07:11,130.1,130.15
2017-04-13 10:07:12,130.1,130.15
2017-04-13 10:07:13,130.1,130.15
2017-04-13 10:07:14,130.1,130.15
2017-04-13 10:07:15,130.1,130.15
2017-04-13 10:07:16,130.1,130.15
2017-04-13 10:07:17,130.1,130.15
2017-04-13 10:07:18,130.1,130.15
2017-04-13 10:07:19,130.1,130.15
2017-04-13 10:07:20,130.1,130.15
2017-04-13 10:07:21,130.11,130.15
2017-04-13 10:07:22,130.11,130.15
2017-04-13 10:07:23,130.11,130.15
2017-04-13 10:07:24,130.11,130.15
2017-04-13 10:07:25,130.11,130.15
2017-04-13 10:07:26,130.11,130.15
2017-04-13 10:07:27,130.11,130.15
2017-04-13 10:07:28,130.11,130.15
2017-04-13 10:07:29,130.11,130.15
2017-04-13 10:07:30,130.11,130.15
2017-04-13 10:07:31,130.11,130.15
2017-04-13 10:07:32,130.11,130.15
2017-04-13 10:07:33,130.11,130.15
2017-04-13 10:07:34,130.11,130.15
2017-04-13 10:07:35,130.11,130.15
2017-04-13 10:07:36,130.11,130.15
2017-04-13 10:07:37,130.11,130.15
2017-04-13 10:07:38,130.11,130.15
2017-04-13 10:07:39,130.11,130.15
2017-04-13 10:07:40,130.11,130.15
2017-04-13 10:07:41,130.11,130.15
2017-04-13 10:07:42,130.11,130.15
2017-04-13 10:07:43,130.11,130.15
2017-04-13 10:07:44,130.11,130.15
2017-04-13 10:07:45,130.11,130.15
2017-04-13 10:07:46,130.11,130.15
2017-04-13 10:07:47,130.11,130.15
2017-04-13 10:07:48,130.11,130.15
2017-04-13 10:07:49,130.11,130.15
2017-04-13 10:07:50,130.11,130.15
2017-04-13 10:07:51,130.11,130.15
2017-04-13 10:07:52,130.11,130.15
2017-04-13 10:07:53,130.11,130.15
2017-04-13 10:07:54,130.11,130.15
2017-04-13 10:07:55,130.11,130.15
2017-04-13 10:07:56,130.11,130.15
2017-04-13 10:07:57,130.11,130.15
2017-04-13 10:07:58,130.11,130.15
2017-04-13 10:07:59,130.11,130.15
2017-04-13 10:08:00,130.11,130.15
2017-04-13 10:08:01,130.08,130.09
2017-04-13 10:08:02,130.08,130.12
2017-04-13 10:08:03,130.08,130.12
2017-04-13 10:08:04,130.08,130.12
2017-04-13 10:08:05,130.08,130.11
2017-04-13 10:08:06,130.08,130.11
2017-04-13 10:08:07,130.08,130.11
2017-04-13 10:08:08,130.08,130.11
2017-04-13 10:08:09,130.08,130.11
2017-04-13 10:08:10,130.08,130.11
2017-04-13 10:08:11,130.08,130.11
2017-04-13 10:08:12,130.08,130.11
2017-04-13 10:08:13,130.08,130.11
2017-04-13 10:08:14,130.08,130.12
2017-04-13 10:08:15,130.08,130.12
2017-04-13 10:08:16,130.08,130.12
2017-04-13 10:08:17,130.08,130.12
2017-04-13 10:08:18,130.07,130.1
2017-04-13 10:08:19,130.07,130.1
2017-04-13 10:08:20,130.07,130.1
2017-04-13 10:08:21,130.08,130.15
2017-04-13 10:08:22,130.08,130.15
2017-04-13 10:08:23,130.08,130.15
2017-04-13 10:08:24,130.08,130.15
2017-04-13 10:08:25,130.08,130.15
2017-04-13 10:08:26,130.08,130.15
2017-04-13 10:08:27,130.08,130.15
2017-04-13 10:08:28,130.08,130.15
2017-04-13 10:08:29,130.08,130.15
2017-04-13 10:08:30,130.08,130.15
2017-04-13 10:08:31,130.08,130.15
2017-04-13 10:08:32,130.08,130.15
2017-04-13 10:08:33,130.08,130.15
2017-04-13 10:08:34,130.08,130.15
2017-04-13 10:08:35,130.08,130.15
2017-04-13 10:08:36,130.08,130.15
2017-04-13 10:08:37,130.08,130.15
2017-04-13 10:08:38,130.08,130.15
2017-04-13 10:08:39,130.08,130.15
2017-04-13 10:08:40,130.08,130.15
2017-04-13 10:08:41,130.08,130.15
2017-04-13 10:08:42,130.08,130.15
2017-04-13 10:08:43,130.08,130.15
2017-04-13 10:08:44,130.08,130.15
2017-04-13 10:08:45,130.08,130.15
2017-04-13 10:08:46,130.08,130.15
2017-04-13 10:08:47,130.08,130.15
2017-04-13 10:08:48,130.08,130.15
2017-04-13 10:08:49,130.08,130.15
2017-04-13 10:08:50,130.1,130.15
2017-04-13 10:08:51,130.1,130.15
2017-04-13 10:08:52,130.11,130.15
2017-04-13 10:08:53,130.11,130.15
2017-04-13 10:08:54,130.11,130.15
2017-04-13 10:08:55,130.11,130.15
2017-04-13 10:08:56,130.11,130.15
2017-04-13 10:08:57,130.11,130.15
2017-04-13 10:08:58,130.11,130.15
2017-04-13 10:08:59,130.11,130.15
2017-04-13 10:09:00,130.11,130.15
2017-04-13 10:09:01,130.08,130.14
2017-04-13 10:09:02,130.08,130.14
2017-04-13 10:09:03,130.12,130.14
2017-04-13 10:09:04,130.12,130.14
2017-04-13 10:09:05,130.08,130.14
2017-04-13 10:09:06,130.08,130.14
2017-04-13 10:09:07,130.08,130.14
2017-04-13 10:09:08,130.08,130.14
2017-04-13 10:09:09,130.08,130.14
2017-04-13 10:09:10,130.08,130.14
2017-04-13 10:09:11,130.08,130.14
2017-04-13 10:09:12,130.08,130.13
2017-04-13 10:09:13,130.08,130.13
2017-04-13 10:09:14,130.08,130.13
2017-04-13 10:09:15,130.08,130.13
2017-04-13 10:09:16,130.08,130.13
2017-04-13 10:09:17,130.08,130.13
2017-04-13 10:09:18,130.08,130.13
2017-04-13 10:09:19,130.08,130.13
2017-04-13 10:09:20,130.08,130.13
2017-04-13 10:09:21,130.08,130.13
2017-04-13 10:09:22,130.08,130.13
2017-04-13 10:09:23,130.08,130.13
2017-04-13 10:09:24,130.08,130.13
2017-04-13 10:09:25,130.08,130.13
2017-04-13 10:09:26,130.08,130.13
2017-04-13 10:09:27,130.08,130.13
2017-04-13 10:09:28,130.08,130.13
2017-04-13 10:09:29,130.08,130.13
2017-04-13 10:09:30,130.08,130.13
2017-04-13 10:09:31,130.1,130.15
2017-04-13 10:09:32,130.1,130.15
2017-04-13 10:09:33,130.1,130.15
2017-04-13 10:09:34,130.1,130.15
2017-04-13 10:09:35,130.1,130.15
2017-04-13 10:09:36,130.1,130.15
2017-04-13 10:09:37,130.1,130.15
2017-04-13 10:09:38,130.1,130.15
2017-04-13 10:09:39,130.1,130.15
2017-04-13 10:09:40,130.1,130.15
2017-04-13 10:09:41,130.1,130.15
2017-04-13 10:09:42,130.11,130.15
2017-04-13 10:09:43,130.1,130.15
2017-04-13 10:09:44,130.1,130.15
2017-04-13 10:09:45,130.1,130.15
2017-04-13 10:09:46,130.1,130.15
2017-04-13 10:09:47,130.1,130.15
2017-04-13 10:09:48,130.1,130.15
2017-04-13 10:09:49,130.1,130.15
2017-04-13 10:09:50,130.1,130.15
2017-04-13 10:09:51,130.1,130.15
2017-04-13 10:09:52,130.1,130.15
2017-04-13 10:09:53,130.1,130.15
2017-04-13 10:09:54,130.1,130.15
2017-04-13 10:09:55,130.1,130.15
2017-04-13 10:09:56,130.1,130.15
2017-04-13 10:09:57,130.1,130.15
2017-04-13 10:09:58,130.1,130.15
2017-04-13 10:09:59,130.1,130.15
2017-04-13 10:10:00,130.1,130.15
2017-04-13 10:10:01,130.1,130.15
2017-04-13 10:10:02,130.1,130.15
2017-04-13 10:10:03,130.1,130.15
2017-04-13 10:10:04,130.1,130.15
2017-04-13 10:10:05,130.1,130.15
2017-04-13 10:10:06,130.1,130.15
2017-04-13 10:10:07,130.1,130.15
2017-04-13 10:10:08,130.1,130.15
2017-04-13 10:10:09,130.1,130.15
2017-04-13 10:10:10,130.11,130.15
2017-04-13 10:10:11,130.11,130.15
2017-04-13 10:10:12,130.11,130.15
2017-04-13 10:10:13,130.11,130.15
2017-04-13 10:10:14,130.11,130.15
2017-04-13 10:10:15,130.11,130.15
2017-04-13 10:10:16,130.11,130.15
2017-04-13 10:10:17,130.11,130.15
2017-04-13 10:10:18,130.11,130.15
2017-04-13 10:10:19,130.11,130.15
2017-04-13 10:10:20,130.11,130.15
2017-04-13 10:10:21,130.11,130.16
2017-04-13 10:10:22,130.11,130.16
2017-04-13 10:10:23,130.11,130.16
2017-04-13 10:10:24,130.11,130.16
2017-04-13 10:10:25,130.11,130.16
2017-04-13 10:10:26,130.11,130.16
2017-04-13 10:10:27,130.11,130.16
2017-04-13 10:10:28,130.11,130.16
2017-04-13 10:10:29,130.11,130.16
2017-04-13 10:10:30,130.11,130.16
2017-04-13 10:10:31,130.11,130.16
2017-04-13 10:10:32,130.11,130.16
2017-04-13 10:10:33,130.11,130.16
2017-04-13 10:10:34,130.11,130.16
2017-04-13 10:10:35,130.11,130.16
2017-04-13 10:10:36,130.11,130.16
2017-04-13 10:10:37,130.11,130.16
2017-04-13 10:10:38,130.11,130.16
2017-04-13 10:10:39,130.11,130.16
2017-04-13 10:10:40,130.11,130.16
2017-04-13 10:10:41,130.11,130.16
2017-04-13 10:10:42,130.13,130.16
2017-04-13 10:10:43,130.13,130.16
2017-04-13 10:10:44,130.13,130.16
2017-04-13 10:10:45,130.13,130.16
2017-04-13 10:10:46,130.13,130.16
2017-04-13 10:10:47,130.13,130.16
2017-04-13 10:10:48,130.14,130.22
2017-04-13 10:10:49,130.14,130.22
2017-04-13 10:10:50,130.15,130.21
2017-04-13 10:10:51,130.15,130.21
2017-04-13 10:10:52,130.15,130.21
2017-04-13 10:10:53,130.15,130.21
2017-04-13 10:10:54,130.15,130.21
2017-04-13 10:10:55,130.15,130.21
2017-04-13 10:10:56,130.15,130.21
2017-04-13 10:10:57,130.15,130.21
2017-04-13 10:10:58,130.15,130.21
2017-04-13 10:10:59,130.15,130.21
2017-04-13 10:11:00,130.15,130.21
2017-04-13 10:11:01,130.15,130.21
2017-04-13 10:11:02,130.15,130.21
2017-04-13 10:11:03,130.15,130.21
2017-04-13 10:11:04,130.15,130.21
2017-04-13 10:11:05,130.15,130.21
2017-04-13 10:11:06,130.15,130.21
2017-04-13 10:11:07,130.15,130.21
2017-04-13 10:11:08,130.15,130.21
2017-04-13 10:11:09,130.15,130.21
2017-04-13 10:11:10,130.15,130.21
2017-04-13 10:11:11,130.15,130.2
2017-04-13 10:11:12,130.15,130.2
2017-04-13 10:11:13,130.15,130.2
2017-04-13 10:11:14,130.15,130.2
2017-04-13 10:11:15,130.15,130.2
2017-04-13 10:11:16,130.15,130.2
2017-04-13 10:11:17,130.15,130.2
2017-04-13 10:11:18,130.15,130.2
2017-04-13 10:11:19,130.15,130.2
2017-04-13 10:11:20,130.15,130.2
2017-04-13 10:11:21,130.19,130.25
2017-04-13 10:11:22,130.19,130.25
2017-04-13 10:11:23,130.19,130.25
2017-04-13 10:11:24,130.19,130.25
2017-04-13 10:11:25,130.19,130.25
2017-04-13 10:11:26,130.19,130.25
2017-04-13 10:11:27,130.19,130.25
2017-04-13 10:11:28,130.19,130.25
2017-04-13 10:11:29,130.19,130.25
2017-04-13 10:11:30,130.22,130.25
2017-04-13 10:11:31,130.22,130.25
2017-04-13 10:11:32,130.22,130.25
2017-04-13 10:11:33,130.22,130.25
2017-04-13 10:11:34,130.22,130.25
2017-04-13 10:11:35,130.22,130.25
2017-04-13 10:11:36,130.22,130.25
2017-04-13 10:11:37,130.23,130.25
2017-04-13 10:11:38,130.23,130.25
2017-04-13 10:11:39,130.23,130.25
2017-04-13 10:11:40,130.23,130.25
2017-04-13 10:11:41,130.22,130.25
2017-04-13 10:11:42,130.22,130.25
2017-04-13 10:11:43,130.22,130.25
2017-04-13 10:11:44,130.23,130.25
2017-04-13 10:11:45,130.23,130.25
2017-04-13 10:11:46,130.23,130.25
2017-04-13 10:11:47,130.23,130.25
2017-04-13 10:11:48,130.23,130.25
2017-04-13 10:11:49,130.23,130.25
2017-04-13 10:11:50,130.23,130.25
2017-04-13 10:11:51,130.23,130.25
2017-04-13 10:11:52,130.23,130.25
2017-04-13 10:11:53,130.23,130.25
2017-04-13 10:11:54,130.23,130.25
2017-04-13 10:11:55,130.23,130.25
2017-04-13 10:11:56,130.25,130.28
2017-04-13 10:11:57,130.25,130.28
2017-04-13 10:11:58,130.25,130.28
2017-04-13 10:11:59,130.25,130.28
2017-04-13 10:12:00,130.25,130.28
2017-04-13 10:12:01,130.25,130.32
2017-04-13 10:12:02,130.25,130.32
2017-04-13 10:12:03,130.26,130.32
2017-04-13 10:12:04,130.26,130.32
2017-04-13 10:12:05,130.26,130.32
2017-04-13 10:12:06,130.26,130.32
2017-04-13 10:12:07,130.26,130.32
2017-04-13 10:12:08,130.26,130.32
2017-04-13 10:12:09,130.26,130.32
2017-04-13 10:12:10,130.26,130.32
2017-04-13 10:12:11,130.26,130.31
2017-04-13 10:12:12,130.22,130.27
2017-04-13 10:12:13,130.19,130.25
2017-04-13 10:12:14,130.19,130.25
2017-04-13 10:12:15,130.19,130.25
2017-04-13 10:12:16,130.2,130.25
2017-04-13 10:12:17,130.2,130.25
2017-04-13 10:12:18,130.2,130.25
2017-04-13 10:12:19,130.21,130.25
2017-04-13 10:12:20,130.21,130.25
2017-04-13 10:12:21,130.21,130.25
2017-04-13 10:12:22,130.22,130.27
2017-04-13 10:12:23,130.22,130.27
2017-04-13 10:12:24,130.22,130.27
2017-04-13 10:12:25,130.22,130.27
2017-04-13 10:12:26,130.22,130.27
2017-04-13 10:12:27,130.22,130.27
2017-04-13 10:12:28,130.22,130.27
2017-04-13 10:12:29,130.22,130.27
2017-04-13 10:12:30,130.24,130.29
2017-04-13 10:12:31,130.24,130.29
2017-04-13 10:12:32,130.24,130.29
2017-04-13 10:12:33,130.24,130.29
2017-04-13 10:12:34,130.24,130.29
2017-04-13 10:12:35,130.24,130.29
2017-04-13 10:12:36,130.25,130.29
2017-04-13 10:12:37,130.25,130.29
2017-04-13 10:12:38,130.25,130.29
2017-04-13 10:12:39,130.25,130.29
2017-04-13 10:12:40,130.25,130.29
2017-04-13 10:12:41,130.25,130.29
2017-04-13 10:12:42,130.25,130.29
2017-04-13 10:12:43,130.25,130.29
2017-04-13 10:12:44,130.25,130.29
2017-04-13 10:12:45,130.25,130.29
2017-04-13 10:12:46,130.25,130.29
2017-04-13 10:12:47,130.25,130.29
2017-04-13 10:12:48,130.25,130.29
2017-04-13 10:12:49,130.25,130.29
2017-04-13 10:12:50,130.25,130.29
2017-04-13 10:12:51,130.25,130.29
2017-04-13 10:12:52,130.25,130.29
2017-04-13 10:12:53,130.25,130.29
2017-04-13 10:12:54,130.25,130.29
2017-04-13 10:12:55,130.25,130.29
2017-04-13 10:12:56,130.25,130.29
2017-04-13 10:12:57,130.25,130.29
2017-04-13 10:12:58,130.25,130.29
2017-04-13 10:12:59,130.25,130.29
2017-04-13 10:13:00,130.25,130.29
2017-04-13 10:13:01,130.25,130.29
2017-04-13 10:13:02,130.25,130.29
2017-04-13 10:13:03,130.25,130.29
2017-04-13 10:13:04,130.25,130.29
2017-04-13 10:13:05,130.22,130.27
2017-04-13 10:13:06,130.22,130.27
2017-04-13 10:13:07,130.21,130.27
2017-04-13 10:13:08,130.21,130.27
2017-04-13 10:13:09,130.21,130.27
2017-04-13 10:13:10,130.21,130.27
2017-04-13 10:13:11,130.25,130.29
2017-04-13 10:13:12,130.25,130.29
2017-04-13 10:13:13,130.25,130.29
2017-04-13 10:13:14,130.25,130.29
2017-04-13 10:13:15,130.25,130.29
2017-04-13 10:13:16,130.25,130.29
2017-04-13 10:13:17,130.25,130.29
2017-04-13 10:13:18,130.25,130.29
2017-04-13 10:13:19,130.25,130.29
2017-04-13 10:13:20,130.25,130.29
2017-04-13 10:13:21,130.25,130.29
2017-04-13 10:13:22,130.25,130.29
2017-04-13 10:13:23,130.25,130.29
2017-04-13 10:13:24,130.25,130.29
2017-04-13 10:13:25,130.25,130.29
2017-04-13 10:13:26,130.25,130.29
2017-04-13 10:13:27,130.25,130.29
2017-04-13 10:13:28,130.25,130.29
2017-04-13 10:13:29,130.25,130.29
2017-04-13 10:13:30,130.26,130.3
2017-04-13 10:13:31,130.26,130.3
2017-04-13 10:13:32,130.26,130.3
2017-04-13 10:13:33,130.26,130.3
2017-04-13 10:13:34,130.26,130.3
2017-04-13 10:13:35,130.26,130.3
2017-04-13 10:13:36,130.26,130.3
2017-04-13 10:13:37,130.26,130.3
2017-04-13 10:13:38,130.26,130.3
2017-04-13 10:13:39,130.26,130.3
2017-04-13 10:13:40,130.26,130.3
2017-04-13 10:13:41,130.26,130.3
2017-04-13 10:13:42,130.26,130.3
2017-04-13 10:13:43,130.26,130.3
2017-04-13 10:13:44,130.26,130.3
2017-04-13 10:13:45,130.17,130.25
2017-04-13 10:13:46,130.17,130.25
2017-04-13 10:13:47,130.17,130.25
2017-04-13 10:13:48,130.17,130.25
2017-04-13 10:13:49,130.17,130.25
2017-04-13 10:13:50,130.17,130.25
2017-04-13 10:13:51,130.17,130.25
2017-04-13 10:13:52,130.17,130.25
2017-04-13 10:13:53,130.17,130.25
2017-04-13 10:13:54,130.17,130.25
2017-04-13 10:13:55,130.17,130.25
2017-04-13 10:13:56,130.17,130.25
2017-04-13 10:13:57,130.17,130.25
2017-04-13 10:13:58,130.17,130.25
2017-04-13 10:13:59,130.18,130.25
2017-04-13 10:14:00,130.18,130.25
2017-04-13 10:14:01,130.18,130.25
2017-04-13 10:14:02,130.18,130.25
2017-04-13 10:14:03,130.18,130.25
2017-04-13 10:14:04,130.18,130.25
2017-04-13 10:14:05,130.18,130.25
2017-04-13 10:14:06,130.18,130.25
2017-04-13 10:14:07,130.18,130.25
2017-04-13 10:14:08,130.18,130.25
2017-04-13 10:14:09,130.18,130.25
2017-04-13 10:14:10,130.18,130.25
2017-04-13 10:14:11,130.18,130.25
2017-04-13 10:14:12,130.18,130.25
2017-04-13 10:14:13,130.18,130.25
2017-04-13 10:14:14,130.18,130.25
2017-04-13 10:14:15,130.18,130.25
2017-04-13 10:14:16,130.18,130.25
2017-04-13 10:14:17,130.19,130.25
2017-04-13 10:14:18,130.19,130.25
2017-04-13 10:14:19,130.19,130.25
2017-04-13 10:14:20,130.19,130.25
2017-04-13 10:14:21,130.19,130.25
2017-04-13 10:14:22,130.19,130.25
2017-04-13 10:14:23,130.19,130.25
2017-04-13 10:14:24,130.19,130.25
2017-04-13 10:14:25,130.19,130.25
2017-04-13 10:14:26,130.19,130.25
2017-04-13 10:14:27,130.19,130.25
2017-04-13 10:14:28,130.19,130.25
2017-04-13 10:14:29,130.19,130.25
2017-04-13 10:14:30,130.19,130.25
2017-04-13 10:14:31,130.19,130.25
2017-04-13 10:14:32,130.19,130.25
2017-04-13 10:14:33,130.19,130.25
2017-04-13 10:14:34,130.19,130.25
2017-04-13 10:14:35,130.19,130.25
2017-04-13 10:14:36,130.19,130.25
2017-04-13 10:14:37,130.19,130.25
2017-04-13 10:14:38,130.19,130.25
2017-04-13 10:14:39,130.19,130.25
2017-04-13 10:14:40,130.19,130.25
2017-04-13 10:14:41,130.19,130.25
2017-04-13 10:14:42,130.19,130.25
2017-04-13 10:14:43,130.19,130.25
2017-04-13 10:14:44,130.19,130.25
2017-04-13 10:14:45,130.19,130.25
2017-04-13 10:14:46,130.19,130.25
2017-04-13 10:14:47,130.19,130.25
2017-04-13 10:14:48,130.19,130.25
2017-04-13 10:14:49,130.19,130.25
2017-04-13 10:14:50,130.19,130.25
2017-04-13 10:14:51,130.19,130.25
2017-04-13 10:14:52,130.19,130.25
2017-04-13 10:14:53,130.19,130.25
2017-04-13 10:14:54,130.19,130.25
2017-04-13 10:14:55,130.21,130.25
2017-04-13 10:14:56,130.24,130.28
2017-04-13 10:14:57,130.24,130.28
2017-04-13 10:14:58,130.25,130.3
2017-04-13 10:14:59,130.25,130.3
2017-04-13 10:15:00,130.25,130.3
2017-04-13 10:15:01,130.24,130.29
2017-04-13 10:15:02,130.24,130.29
2017-04-13 10:15:03,130.24,130.29
2017-04-13 10:15:04,130.24,130.29
2017-04-13 10:15:05,130.24,130.29
2017-04-13 10:15:06,130.25,130.3
2017-04-13 10:15:07,130.24,130.3
2017-04-13 10:15:08,130.24,130.3
2017-04-13 10:15:09,130.24,130.3
2017-04-13 10:15:10,130.24,130.3
2017-04-13 10:15:11,130.24,130.29
2017-04-13 10:15:12,130.24,130.29
2017-04-13 10:15:13,130.24,130.29
2017-04-13 10:15:14,130.24,130.29
2017-04-13 10:15:15,130.24,130.29
2017-04-13 10:15:16,130.24,130.29
2017-04-13 10:15:17,130.24,130.29
2017-04-13 10:15:18,130.24,130.29
2017-04-13 10:15:19,130.24,130.29
2017-04-13 10:15:20,130.24,130.29
2017-04-13 10:15:21,130.24,130.29
2017-04-13 10:15:22,130.24,130.29
2017-04-13 10:15:23,130.24,130.29
2017-04-13 10:15:24,130.24,130.29
2017-04-13 10:15:25,130.24,130.29
2017-04-13 10:15:26,130.17,130.27
2017-04-13 10:15:27,130.19,130.27
2017-04-13 10:15:28,130.19,130.27
2017-04-13 10:15:29,130.19,130.27
2017-04-13 10:15:30,130.19,130.27
2017-04-13 10:15:31,130.19,130.27
2017-04-13 10:15:32,130.19,130.27
2017-04-13 10:15:33,130.19,130.27
2017-04-13 10:15:34,130.2,130.28
2017-04-13 10:15:35,130.2,130.28
2017-04-13 10:15:36,130.2,130.28
2017-04-13 10:15:37,130.2,130.28
2017-04-13 10:15:38,130.2,130.28
2017-04-13 10:15:39,130.2,130.28
2017-04-13 10:15:40,130.2,130.28
2017-04-13 10:15:41,130.2,130.28
2017-04-13 10:15:42,130.21,130.28
2017-04-13 10:15:43,130.21,130.28
2017-04-13 10:15:44,130.21,130.28
2017-04-13 10:15:45,130.21,130.28
2017-04-13 10:15:46,130.21,130.28
2017-04-13 10:15:47,130.21,130.28
2017-04-13 10:15:48,130.21,130.29
2017-04-13 10:15:49,130.21,130.29
2017-04-13 10:15:50,130.21,130.29
2017-04-13 10:15:51,130.21,130.29
2017-04-13 10:15:52,130.21,130.29
2017-04-13 10:15:53,130.21,130.29
2017-04-13 10:15:54,130.21,130.29
2017-04-13 10:15:55,130.22,130.29
2017-04-13 10:15:56,130.22,130.29
2017-04-13 10:15:57,130.22,130.29
2017-04-13 10:15:58,130.22,130.29
2017-04-13 10:15:59,130.22,130.29
2017-04-13 10:16:00,130.24,130.29
2017-04-13 10:16:01,130.24,130.29
2017-04-13 10:16:02,130.24,130.29
2017-04-13 10:16:03,130.25,130.31
2017-04-13 10:16:04,130.25,130.3
2017-04-13 10:16:05,130.25,130.3
2017-04-13 10:16:06,130.25,130.3
2017-04-13 10:16:07,130.25,130.3
2017-04-13 10:16:08,130.25,130.3
2017-04-13 10:16:09,130.25,130.3
2017-04-13 10:16:10,130.25,130.3
2017-04-13 10:16:11,130.25,130.3
2017-04-13 10:16:12,130.25,130.3
2017-04-13 10:16:13,130.25,130.3
2017-04-13 10:16:14,130.25,130.3
2017-04-13 10:16:15,130.25,130.29
2017-04-13 10:16:16,130.26,130.29
2017-04-13 10:16:17,130.26,130.31
2017-04-13 10:16:18,130.26,130.31
2017-04-13 10:16:19,130.26,130.31
2017-04-13 10:16:20,130.26,130.31
2017-04-13 10:16:21,130.26,130.31
2017-04-13 10:16:22,130.26,130.31
2017-04-13 10:16:23,130.26,130.31
2017-04-13 10:16:24,130.27,130.31
2017-04-13 10:16:25,130.27,130.31
2017-04-13 10:16:26,130.27,130.31
2017-04-13 10:16:27,130.27,130.31
2017-04-13 10:16:28,130.27,130.31
2017-04-13 10:16:29,130.27,130.31
2017-04-13 10:16:30,130.27,130.31
2017-04-13 10:16:31,130.26,130.3
2017-04-13 10:16:32,130.22,130.3
2017-04-13 10:16:33,130.22,130.29
2017-04-13 10:16:34,130.22,130.29
2017-04-13 10:16:35,130.22,130.28
2017-04-13 10:16:36,130.22,130.28
2017-04-13 10:16:37,130.22,130.28
2017-04-13 10:16:38,130.22,130.28
2017-04-13 10:16:39,130.24,130.28
2017-04-13 10:16:40,130.24,130.28
2017-04-13 10:16:41,130.24,130.28
2017-04-13 10:16:42,130.22,130.27
2017-04-13 10:16:43,130.22,130.27
2017-04-13 10:16:44,130.22,130.27
2017-04-13 10:16:45,130.22,130.27
2017-04-13 10:16:46,130.22,130.27
2017-04-13 10:16:47,130.22,130.27
2017-04-13 10:16:48,130.22,130.27
2017-04-13 10:16:49,130.22,130.27
2017-04-13 10:16:50,130.22,130.27
2017-04-13 10:16:51,130.22,130.27
2017-04-13 10:16:52,130.22,130.27
2017-04-13 10:16:53,130.22,130.27
2017-04-13 10:16:54,130.22,130.27
2017-04-13 10:16:55,130.22,130.27
2017-04-13 10:16:56,130.22,130.27
2017-04-13 10:16:57,130.22,130.27
2017-04-13 10:16:58,130.22,130.27
2017-04-13 10:16:59,130.22,130.27
2017-04-13 10:17:00,130.22,130.27
2017-04-13 10:17:01,130.22,130.27
2017-04-13 10:17:02,130.22,130.27
2017-04-13 10:17:03,130.22,130.27
2017-04-13 10:17:04,130.22,130.27
2017-04-13 10:17:05,130.22,130.27
2017-04-13 10:17:06,130.22,130.27
2017-04-13 10:17:07,130.22,130.27
2017-04-13 10:17:08,130.22,130.27
2017-04-13 10:17:09,130.24,130.27
2017-04-13 10:17:10,130.22,130.25
2017-04-13 10:17:11,130.22,130.25
2017-04-13 10:17:12,130.22,130.25
2017-04-13 10:17:13,130.22,130.25
2017-04-13 10:17:14,130.22,130.25
2017-04-13 10:17:15,130.22,130.25
2017-04-13 10:17:16,130.22,130.25
2017-04-13 10:17:17,130.23,130.28
2017-04-13 10:17:18,130.23,130.3
2017-04-13 10:17:19,130.23,130.3
2017-04-13 10:17:20,130.24,130.3
2017-04-13 10:17:21,130.25,130.32
2017-04-13 10:17:22,130.25,130.33
2017-04-13 10:17:23,130.25,130.32
2017-04-13 10:17:24,130.25,130.33
2017-04-13 10:17:25,130.25,130.34
2017-04-13 10:17:26,130.25,130.34
2017-04-13 10:17:27,130.25,130.34
2017-04-13 10:17:28,130.25,130.34
2017-04-13 10:17:29,130.25,130.34
2017-04-13 10:17:30,130.25,130.34
2017-04-13 10:17:31,130.25,130.34
2017-04-13 10:17:32,130.25,130.34
2017-04-13 10:17:33,130.25,130.34
2017-04-13 10:17:34,130.25,130.34
2017-04-13 10:17:35,130.25,130.34
2017-04-13 10:17:36,130.25,130.34
2017-04-13 10:17:37,130.25,130.34
2017-04-13 10:17:38,130.25,130.34
2017-04-13 10:17:39,130.25,130.34
2017-04-13 10:17:40,130.25,130.34
2017-04-13 10:17:41,130.25,130.34
2017-04-13 10:17:42,130.27,130.34
2017-04-13 10:17:43,130.27,130.34
2017-04-13 10:17:44,130.27,130.34
2017-04-13 10:17:45,130.27,130.34
2017-04-13 10:17:46,130.27,130.34
2017-04-13 10:17:47,130.27,130.34
2017-04-13 10:17:48,130.27,130.34
2017-04-13 10:17:49,130.31,130.35
2017-04-13 10:17:50,130.31,130.35
2017-04-13 10:17:51,130.33,130.35
2017-04-13 10:17:52,130.31,130.34
2017-04-13 10:17:53,130.31,130.34
2017-04-13 10:17:54,130.3,130.34
2017-04-13 10:17:55,130.28,130.34
2017-04-13 10:17:56,130.28,130.34
2017-04-13 10:17:57,130.28,130.34
2017-04-13 10:17:58,130.28,130.34
2017-04-13 10:17:59,130.28,130.34
2017-04-13 10:18:00,130.28,130.34
2017-04-13 10:18:01,130.28,130.34
2017-04-13 10:18:02,130.28,130.34
2017-04-13 10:18:03,130.28,130.34
2017-04-13 10:18:04,130.28,130.34
2017-04-13 10:18:05,130.28,130.34
2017-04-13 10:18:06,130.28,130.34
2017-04-13 10:18:07,130.28,130.34
2017-04-13 10:18:08,130.28,130.34
2017-04-13 10:18:09,130.28,130.34
2017-04-13 10:18:10,130.28,130.34
2017-04-13 10:18:11,130.28,130.34
2017-04-13 10:18:12,130.28,130.34
2017-04-13 10:18:13,130.28,130.34
2017-04-13 10:18:14,130.28,130.34
2017-04-13 10:18:15,130.28,130.34
2017-04-13 10:18:16,130.28,130.34
2017-04-13 10:18:17,130.28,130.34
2017-04-13 10:18:18,130.28,130.34
2017-04-13 10:18:19,130.28,130.33
2017-04-13 10:18:20,130.28,130.33
2017-04-13 10:18:21,130.24,130.28
2017-04-13 10:18:22,130.24,130.28
2017-04-13 10:18:23,130.24,130.28
2017-04-13 10:18:24,130.24,130.28
2017-04-13 10:18:25,130.24,130.28
2017-04-13 10:18:26,130.24,130.28
2017-04-13 10:18:27,130.24,130.28
2017-04-13 10:18:28,130.24,130.28
2017-04-13 10:18:29,130.24,130.28
2017-04-13 10:18:30,130.24,130.28
2017-04-13 10:18:31,130.24,130.28
2017-04-13 10:18:32,130.24,130.28
2017-04-13 10:18:33,130.24,130.28
2017-04-13 10:18:34,130.24,130.28
2017-04-13 10:18:35,130.24,130.28
2017-04-13 10:18:36,130.24,130.28
2017-04-13 10:18:37,130.24,130.28
2017-04-13 10:18:38,130.24,130.28
2017-04-13 10:18:39,130.24,130.28
2017-04-13 10:18:40,130.24,130.28
2017-04-13 10:18:41,130.24,130.28
2017-04-13 10:18:42,130.24,130.28
2017-04-13 10:18:43,130.24,130.28
2017-04-13 10:18:44,130.24,130.28
2017-04-13 10:18:45,130.24,130.28
2017-04-13 10:18:46,130.24,130.28
2017-04-13 10:18:47,130.24,130.28
2017-04-13 10:18:48,130.24,130.28
2017-04-13 10:18:49,130.24,130.28
2017-04-13 10:18:50,130.26,130.31
2017-04-13 10:18:51,130.26,130.3
2017-04-13 10:18:52,130.26,130.31
2017-04-13 10:18:53,130.26,130.32
2017-04-13 10:18:54,130.26,130.32
2017-04-13 10:18:55,130.27,130.32
2017-04-13 10:18:56,130.27,130.32
2017-04-13 10:18:57,130.27,130.32
2017-04-13 10:18:58,130.27,130.32
2017-04-13 10:18:59,130.27,130.32
2017-04-13 10:19:00,130.27,130.32
2017-04-13 10:19:01,130.27,130.33
2017-04-13 10:19:02,130.27,130.33
2017-04-13 10:19:03,130.27,130.33
2017-04-13 10:19:04,130.27,130.33
2017-04-13 10:19:05,130.27,130.33
2017-04-13 10:19:06,130.27,130.33
2017-04-13 10:19:07,130.27,130.33
2017-04-13 10:19:08,130.27,130.33
2017-04-13 10:19:09,130.28,130.33
2017-04-13 10:19:10,130.28,130.33
2017-04-13 10:19:11,130.28,130.33
2017-04-13 10:19:12,130.29,130.37
2017-04-13 10:19:13,130.29,130.37
2017-04-13 10:19:14,130.29,130.37
2017-04-13 10:19:15,130.29,130.37
2017-04-13 10:19:16,130.29,130.37
