datetime,direct.bid1,direct.ask1
2017-04-13 09:30:00,891.55,892.95
2017-04-13 09:30:01,892.0,892.78
2017-04-13 09:30:02,892.5,892.99
2017-04-13 09:30:03,892.21,892.75
2017-04-13 09:30:04,892.51,892.99
2017-04-13 09:30:05,892.51,892.99
2017-04-13 09:30:06,892.33,892.99
2017-04-13 09:30:07,892.33,892.54
2017-04-13 09:30:08,892.02,892.53
2017-04-13 09:30:09,891.87,891.95
2017-04-13 09:30:10,891.75,891.95
2017-04-13 09:30:11,891.57,891.94
2017-04-13 09:30:12,891.53,891.86
2017-04-13 09:30:13,891.58,891.86
2017-04-13 09:30:14,891.63,892.53
2017-04-13 09:30:15,891.63,892.53
2017-04-13 09:30:16,891.64,892.54
2017-04-13 09:30:17,891.64,892.54
2017-04-13 09:30:18,891.64,892.54
2017-04-13 09:30:19,891.64,892.54
2017-04-13 09:30:20,891.64,892.54
2017-04-13 09:30:21,891.78,892.54
2017-04-13 09:30:22,891.78,892.54
2017-04-13 09:30:23,891.78,892.54
2017-04-13 09:30:24,891.78,892.54
2017-04-13 09:30:25,891.78,892.54
2017-04-13 09:30:26,891.77,892.45
2017-04-13 09:30:27,891.77,892.45
2017-04-13 09:30:28,891.77,892.45
2017-04-13 09:30:29,891.77,892.45
2017-04-13 09:30:30,891.77,892.45
2017-04-13 09:30:31,891.77,892.45
2017-04-13 09:30:32,891.77,892.44
2017-04-13 09:30:33,892.0,892.44
2017-04-13 09:30:34,891.67,892.2
2017-04-13 09:30:35,891.67,892.2
2017-04-13 09:30:36,891.58,892.2
2017-04-13 09:30:37,891.58,891.92
2017-04-13 09:30:38,891.23,891.92
2017-04-13 09:30:39,891.27,891.92
2017-04-13 09:30:40,891.28,891.92
2017-04-13 09:30:41,891.37,891.9
2017-04-13 09:30:42,891.37,891.9
2017-04-13 09:30:43,891.37,891.9
2017-04-13 09:30:44,891.45,891.64
2017-04-13 09:30:45,891.2,891.64
2017-04-13 09:30:46,891.2,891.64
2017-04-13 09:30:47,891.2,891.64
2017-04-13 09:30:48,891.2,891.64
2017-04-13 09:30:49,891.11,891.65
2017-04-13 09:30:50,891.11,891.65
2017-04-13 09:30:51,891.11,891.65
2017-04-13 09:30:52,891.11,891.63
2017-04-13 09:30:53,891.11,891.63
2017-04-13 09:30:54,891.06,891.63
2017-04-13 09:30:55,891.06,891.63
2017-04-13 09:30:56,891.13,891.62
2017-04-13 09:30:57,891.13,891.37
2017-04-13 09:30:58,891.13,891.37
2017-04-13 09:30:59,891.13,891.37
2017-04-13 09:31:00,891.06,891.37
2017-04-13 09:31:01,891.2,891.37
2017-04-13 09:31:02,891.06,891.37
2017-04-13 09:31:03,891.06,891.37
2017-04-13 09:31:04,891.3,892.36
2017-04-13 09:31:05,891.37,892.36
2017-04-13 09:31:06,891.37,892.36
2017-04-13 09:31:07,891.37,892.36
2017-04-13 09:31:08,891.37,892.36
2017-04-13 09:31:09,891.37,892.36
2017-04-13 09:31:10,891.51,892.36
2017-04-13 09:31:11,891.51,892.36
2017-04-13 09:31:12,891.51,892.36
2017-04-13 09:31:13,891.51,892.36
2017-04-13 09:31:14,891.51,892.36
2017-04-13 09:31:15,891.51,892.36
2017-04-13 09:31:16,891.51,892.36
2017-04-13 09:31:17,891.51,892.36
2017-04-13 09:31:18,891.51,892.36
2017-04-13 09:31:19,891.38,892.0
2017-04-13 09:31:20,891.45,892.0
2017-04-13 09:31:21,891.45,892.0
2017-04-13 09:31:22,891.45,892.0
2017-04-13 09:31:23,891.47,892.0
2017-04-13 09:31:24,891.49,892.0
2017-04-13 09:31:25,891.38,891.99
2017-04-13 09:31:26,891.46,891.99
2017-04-13 09:31:27,891.46,891.8
2017-04-13 09:31:28,891.46,891.8
2017-04-13 09:31:29,891.46,891.8
2017-04-13 09:31:30,891.46,891.8
2017-04-13 09:31:31,891.46,891.8
2017-04-13 09:31:32,891.46,891.8
2017-04-13 09:31:33,891.46,891.8
2017-04-13 09:31:34,891.46,891.8
2017-04-13 09:31:35,891.46,891.8
2017-04-13 09:31:36,891.46,891.7
2017-04-13 09:31:37,891.46,891.7
2017-04-13 09:31:38,891.39,891.7
2017-04-13 09:31:39,891.41,891.7
2017-04-13 09:31:40,891.41,891.7
2017-04-13 09:31:41,891.37,891.7
2017-04-13 09:31:42,891.37,891.7
2017-04-13 09:31:43,891.37,891.7
2017-04-13 09:31:44,891.37,891.7
2017-04-13 09:31:45,891.41,891.7
2017-04-13 09:31:46,891.41,891.7
2017-04-13 09:31:47,891.41,891.7
2017-04-13 09:31:48,891.41,891.82
2017-04-13 09:31:49,891.41,891.79
2017-04-13 09:31:50,891.41,891.78
2017-04-13 09:31:51,891.41,891.79
2017-04-13 09:31:52,891.37,891.75
2017-04-13 09:31:53,891.37,891.72
2017-04-13 09:31:54,891.52,891.73
2017-04-13 09:31:55,891.52,891.73
2017-04-13 09:31:56,891.37,891.73
2017-04-13 09:31:57,891.37,891.73
2017-04-13 09:31:58,891.37,891.66
2017-04-13 09:31:59,891.41,891.73
2017-04-13 09:32:00,891.42,891.67
2017-04-13 09:32:01,891.42,891.64
2017-04-13 09:32:02,891.41,891.67
2017-04-13 09:32:03,891.41,891.67
2017-04-13 09:32:04,891.41,892.0
2017-04-13 09:32:05,891.42,891.99
2017-04-13 09:32:06,891.41,891.99
2017-04-13 09:32:07,891.41,891.75
2017-04-13 09:32:08,891.38,891.75
2017-04-13 09:32:09,891.38,891.75
2017-04-13 09:32:10,891.38,891.75
2017-04-13 09:32:11,891.39,891.99
2017-04-13 09:32:12,891.39,891.99
2017-04-13 09:32:13,891.45,891.99
2017-04-13 09:32:14,891.45,891.99
2017-04-13 09:32:15,891.45,891.99
2017-04-13 09:32:16,891.45,891.99
2017-04-13 09:32:17,891.45,891.99
2017-04-13 09:32:18,891.45,891.99
2017-04-13 09:32:19,891.64,891.98
2017-04-13 09:32:20,891.64,891.98
2017-04-13 09:32:21,891.45,891.98
2017-04-13 09:32:22,891.45,891.98
2017-04-13 09:32:23,891.73,891.98
2017-04-13 09:32:24,891.73,891.98
2017-04-13 09:32:25,891.73,891.98
2017-04-13 09:32:26,891.73,891.98
2017-04-13 09:32:27,891.5,891.98
2017-04-13 09:32:28,891.5,891.98
2017-04-13 09:32:29,891.5,891.98
2017-04-13 09:32:30,891.51,891.98
2017-04-13 09:32:31,891.51,891.98
2017-04-13 09:32:32,891.52,891.98
2017-04-13 09:32:33,891.52,891.98
2017-04-13 09:32:34,891.52,891.98
2017-04-13 09:32:35,891.53,891.9
2017-04-13 09:32:36,891.08,891.68
2017-04-13 09:32:37,891.07,891.6
2017-04-13 09:32:38,891.07,891.6
2017-04-13 09:32:39,891.07,891.6
2017-04-13 09:32:40,891.07,891.56
2017-04-13 09:32:41,891.07,891.56
2017-04-13 09:32:42,891.29,891.79
2017-04-13 09:32:43,891.29,891.79
2017-04-13 09:32:44,891.29,891.9
2017-04-13 09:32:45,891.29,891.9
2017-04-13 09:32:46,891.27,891.9
2017-04-13 09:32:47,891.29,891.78
2017-04-13 09:32:48,891.29,891.78
2017-04-13 09:32:49,891.29,891.7
2017-04-13 09:32:50,891.29,891.7
2017-04-13 09:32:51,891.33,891.6
2017-04-13 09:32:52,891.29,891.6
2017-04-13 09:32:53,891.24,891.6
2017-04-13 09:32:54,891.29,891.6
2017-04-13 09:32:55,891.29,891.6
2017-04-13 09:32:56,891.29,891.6
2017-04-13 09:32:57,891.3,891.85
2017-04-13 09:32:58,891.3,891.84
2017-04-13 09:32:59,891.3,891.84
2017-04-13 09:33:00,891.3,891.84
2017-04-13 09:33:01,891.42,891.84
2017-04-13 09:33:02,891.42,891.84
2017-04-13 09:33:03,891.42,891.84
2017-04-13 09:33:04,891.42,891.84
2017-04-13 09:33:05,891.42,891.83
2017-04-13 09:33:06,891.43,891.83
2017-04-13 09:33:07,891.43,891.83
2017-04-13 09:33:08,891.43,891.84
2017-04-13 09:33:09,891.43,891.84
2017-04-13 09:33:10,891.42,891.68
2017-04-13 09:33:11,890.51,891.2
2017-04-13 09:33:12,890.51,891.2
2017-04-13 09:33:13,890.51,891.2
2017-04-13 09:33:14,890.51,891.04
2017-04-13 09:33:15,890.51,890.97
2017-04-13 09:33:16,890.4,890.96
2017-04-13 09:33:17,890.13,890.51
2017-04-13 09:33:18,890.07,890.51
2017-04-13 09:33:19,890.14,890.5
2017-04-13 09:33:20,890.1,890.5
2017-04-13 09:33:21,890.1,890.5
2017-04-13 09:33:22,890.1,890.5
2017-04-13 09:33:23,890.1,890.5
2017-04-13 09:33:24,890.07,890.5
2017-04-13 09:33:25,890.07,890.5
2017-04-13 09:33:26,890.08,890.5
2017-04-13 09:33:27,890.08,890.49
2017-04-13 09:33:28,890.14,890.48
2017-04-13 09:33:29,890.14,890.41
2017-04-13 09:33:30,890.14,890.41
2017-04-13 09:33:31,889.66,889.95
2017-04-13 09:33:32,889.66,889.95
2017-04-13 09:33:33,889.66,889.88
2017-04-13 09:33:34,889.6,889.86
2017-04-13 09:33:35,889.5,889.86
2017-04-13 09:33:36,889.5,889.86
2017-04-13 09:33:37,889.58,890.49
2017-04-13 09:33:38,890.0,890.31
2017-04-13 09:33:39,890.0,890.49
2017-04-13 09:33:40,890.0,890.47
2017-04-13 09:33:41,890.07,890.49
2017-04-13 09:33:42,890.07,890.49
2017-04-13 09:33:43,890.07,890.49
2017-04-13 09:33:44,890.07,890.48
2017-04-13 09:33:45,889.59,890.47
2017-04-13 09:33:46,889.5,889.99
2017-04-13 09:33:47,889.5,889.99
2017-04-13 09:33:48,889.5,889.99
2017-04-13 09:33:49,889.5,889.99
2017-04-13 09:33:50,889.5,889.99
2017-04-13 09:33:51,889.5,889.99
2017-04-13 09:33:52,889.6,889.95
2017-04-13 09:33:53,889.5,889.94
2017-04-13 09:33:54,889.5,889.94
2017-04-13 09:33:55,889.5,889.94
2017-04-13 09:33:56,889.41,889.93
2017-04-13 09:33:57,889.41,889.93
2017-04-13 09:33:58,889.41,889.92
2017-04-13 09:33:59,889.38,889.92
2017-04-13 09:34:00,889.38,889.92
2017-04-13 09:34:01,889.38,889.5
2017-04-13 09:34:02,889.38,889.92
2017-04-13 09:34:03,889.38,889.92
2017-04-13 09:34:04,889.38,889.72
2017-04-13 09:34:05,889.38,889.6
2017-04-13 09:34:06,889.0,889.29
2017-04-13 09:34:07,888.68,889.29
2017-04-13 09:34:08,888.68,889.29
2017-04-13 09:34:09,888.69,889.29
2017-04-13 09:34:10,888.68,889.29
2017-04-13 09:34:11,888.68,889.29
2017-04-13 09:34:12,888.68,889.29
2017-04-13 09:34:13,888.68,889.29
2017-04-13 09:34:14,888.81,889.29
2017-04-13 09:34:15,888.7,889.29
2017-04-13 09:34:16,888.7,889.29
2017-04-13 09:34:17,889.0,889.29
2017-04-13 09:34:18,889.0,889.33
2017-04-13 09:34:19,888.72,889.33
2017-04-13 09:34:20,888.72,889.0
2017-04-13 09:34:21,888.72,889.0
2017-04-13 09:34:22,888.72,889.0
2017-04-13 09:34:23,888.72,889.0
2017-04-13 09:34:24,888.72,889.0
2017-04-13 09:34:25,888.72,889.0
2017-04-13 09:34:26,888.72,889.0
2017-04-13 09:34:27,888.72,889.0
2017-04-13 09:34:28,888.72,888.99
2017-04-13 09:34:29,888.73,889.3
2017-04-13 09:34:30,888.73,889.5
2017-04-13 09:34:31,888.74,889.5
2017-04-13 09:34:32,888.74,889.5
2017-04-13 09:34:33,888.74,889.5
2017-04-13 09:34:34,888.74,889.5
2017-04-13 09:34:35,888.74,889.5
2017-04-13 09:34:36,888.75,889.5
2017-04-13 09:34:37,888.87,889.5
2017-04-13 09:34:38,888.74,889.5
2017-04-13 09:34:39,888.74,889.5
2017-04-13 09:34:40,889.01,889.49
2017-04-13 09:34:41,889.01,889.49
2017-04-13 09:34:42,889.03,889.49
2017-04-13 09:34:43,889.01,889.49
2017-04-13 09:34:44,889.01,889.49
2017-04-13 09:34:45,889.07,889.33
2017-04-13 09:34:46,889.07,889.33
2017-04-13 09:34:47,889.01,889.33
2017-04-13 09:34:48,889.01,889.32
2017-04-13 09:34:49,889.01,889.32
2017-04-13 09:34:50,889.01,889.32
2017-04-13 09:34:51,889.01,889.32
2017-04-13 09:34:52,889.01,889.49
2017-04-13 09:34:53,889.01,889.89
2017-04-13 09:34:54,889.01,889.89
2017-04-13 09:34:55,889.03,889.88
2017-04-13 09:34:56,889.03,889.88
2017-04-13 09:34:57,889.03,889.89
2017-04-13 09:34:58,889.1,889.88
2017-04-13 09:34:59,889.16,889.88
2017-04-13 09:35:00,889.85,890.89
2017-04-13 09:35:01,889.85,890.86
2017-04-13 09:35:02,889.85,890.31
2017-04-13 09:35:03,889.85,890.28
2017-04-13 09:35:04,889.85,890.26
2017-04-13 09:35:05,890.32,890.9
2017-04-13 09:35:06,890.32,890.88
2017-04-13 09:35:07,890.32,890.84
2017-04-13 09:35:08,890.32,890.84
2017-04-13 09:35:09,890.32,890.84
2017-04-13 09:35:10,890.01,890.82
2017-04-13 09:35:11,890.01,890.81
2017-04-13 09:35:12,890.01,890.81
2017-04-13 09:35:13,890.01,890.79
2017-04-13 09:35:14,890.01,890.79
2017-04-13 09:35:15,890.01,890.79
2017-04-13 09:35:16,890.01,890.77
2017-04-13 09:35:17,890.01,890.75
2017-04-13 09:35:18,890.4,890.8
2017-04-13 09:35:19,890.4,890.78
2017-04-13 09:35:20,890.4,890.76
2017-04-13 09:35:21,890.3,890.76
2017-04-13 09:35:22,890.3,890.76
2017-04-13 09:35:23,890.3,890.74
2017-04-13 09:35:24,890.3,890.74
2017-04-13 09:35:25,890.3,890.72
2017-04-13 09:35:26,890.3,890.7
2017-04-13 09:35:27,890.3,890.74
2017-04-13 09:35:28,890.3,890.71
2017-04-13 09:35:29,890.31,890.71
2017-04-13 09:35:30,890.31,890.69
2017-04-13 09:35:31,890.31,890.69
2017-04-13 09:35:32,890.31,890.69
2017-04-13 09:35:33,890.31,890.69
2017-04-13 09:35:34,890.31,890.67
2017-04-13 09:35:35,890.31,890.66
2017-04-13 09:35:36,890.31,890.63
2017-04-13 09:35:37,890.5,890.6
2017-04-13 09:35:38,890.5,890.58
2017-04-13 09:35:39,890.5,890.58
2017-04-13 09:35:40,890.5,890.75
2017-04-13 09:35:41,890.32,890.75
2017-04-13 09:35:42,890.32,890.75
2017-04-13 09:35:43,890.02,890.75
2017-04-13 09:35:44,890.03,891.0
2017-04-13 09:35:45,890.08,891.0
2017-04-13 09:35:46,890.08,891.0
2017-04-13 09:35:47,890.08,890.5
2017-04-13 09:35:48,890.08,890.5
2017-04-13 09:35:49,890.09,890.5
2017-04-13 09:35:50,890.08,890.36
2017-04-13 09:35:51,890.09,890.36
2017-04-13 09:35:52,890.09,890.5
2017-04-13 09:35:53,890.09,890.5
2017-04-13 09:35:54,890.09,890.5
2017-04-13 09:35:55,890.1,890.5
2017-04-13 09:35:56,890.1,890.5
2017-04-13 09:35:57,890.1,890.5
2017-04-13 09:35:58,890.1,890.5
2017-04-13 09:35:59,889.59,890.0
2017-04-13 09:36:00,889.41,890.0
2017-04-13 09:36:01,889.41,889.98
2017-04-13 09:36:02,889.1,889.82
2017-04-13 09:36:03,889.18,889.82
2017-04-13 09:36:04,889.16,889.82
2017-04-13 09:36:05,889.21,889.82
2017-04-13 09:36:06,889.21,889.82
2017-04-13 09:36:07,889.22,889.82
2017-04-13 09:36:08,889.22,889.82
2017-04-13 09:36:09,889.1,889.66
2017-04-13 09:36:10,889.1,889.54
2017-04-13 09:36:11,889.1,889.54
2017-04-13 09:36:12,889.1,889.54
2017-04-13 09:36:13,889.1,889.54
2017-04-13 09:36:14,889.16,889.54
2017-04-13 09:36:15,889.1,889.54
2017-04-13 09:36:16,889.16,889.54
2017-04-13 09:36:17,889.16,889.54
2017-04-13 09:36:18,889.17,889.54
2017-04-13 09:36:19,889.01,889.53
2017-04-13 09:36:20,889.01,889.53
2017-04-13 09:36:21,889.02,889.53
2017-04-13 09:36:22,889.02,889.53
2017-04-13 09:36:23,889.02,889.53
2017-04-13 09:36:24,889.02,889.53
2017-04-13 09:36:25,889.02,889.53
2017-04-13 09:36:26,889.03,889.53
2017-04-13 09:36:27,889.03,889.53
2017-04-13 09:36:28,889.03,889.53
2017-04-13 09:36:29,889.04,889.53
2017-04-13 09:36:30,889.04,889.53
2017-04-13 09:36:31,889.09,889.75
2017-04-13 09:36:32,889.11,889.75
2017-04-13 09:36:33,889.17,889.99
2017-04-13 09:36:34,889.17,889.99
2017-04-13 09:36:35,889.18,889.75
2017-04-13 09:36:36,889.18,889.75
2017-04-13 09:36:37,889.19,889.75
2017-04-13 09:36:38,889.24,889.98
2017-04-13 09:36:39,889.24,889.98
2017-04-13 09:36:40,889.25,889.98
2017-04-13 09:36:41,889.31,889.98
2017-04-13 09:36:42,889.31,889.98
2017-04-13 09:36:43,889.31,889.98
2017-04-13 09:36:44,889.54,889.98
2017-04-13 09:36:45,889.31,889.98
2017-04-13 09:36:46,889.31,889.98
2017-04-13 09:36:47,889.33,889.98
2017-04-13 09:36:48,889.33,889.97
2017-04-13 09:36:49,889.33,889.97
2017-04-13 09:36:50,889.33,889.97
2017-04-13 09:36:51,889.33,889.97
2017-04-13 09:36:52,889.35,889.97
2017-04-13 09:36:53,889.35,889.79
2017-04-13 09:36:54,889.36,889.73
2017-04-13 09:36:55,889.36,889.71
2017-04-13 09:36:56,889.37,889.69
2017-04-13 09:36:57,889.37,889.67
2017-04-13 09:36:58,889.33,889.66
2017-04-13 09:36:59,889.33,889.66
2017-04-13 09:37:00,889.33,889.66
2017-04-13 09:37:01,889.33,889.66
2017-04-13 09:37:02,889.42,889.66
2017-04-13 09:37:03,889.3,889.66
2017-04-13 09:37:04,889.3,889.75
2017-04-13 09:37:05,889.3,889.6
2017-04-13 09:37:06,889.25,889.58
2017-04-13 09:37:07,889.19,889.55
2017-04-13 09:37:08,889.2,889.54
2017-04-13 09:37:09,889.2,889.54
2017-04-13 09:37:10,889.2,889.51
2017-04-13 09:37:11,889.2,889.49
2017-04-13 09:37:12,889.26,889.47
2017-04-13 09:37:13,889.26,889.45
2017-04-13 09:37:14,889.26,889.43
2017-04-13 09:37:15,889.26,889.52
2017-04-13 09:37:16,889.26,889.52
2017-04-13 09:37:17,889.26,889.52
2017-04-13 09:37:18,889.27,889.52
2017-04-13 09:37:19,889.3,889.52
2017-04-13 09:37:20,889.35,889.99
2017-04-13 09:37:21,889.35,889.99
2017-04-13 09:37:22,889.37,889.99
2017-04-13 09:37:23,889.37,889.99
2017-04-13 09:37:24,889.4,889.99
2017-04-13 09:37:25,889.41,889.99
2017-04-13 09:37:26,889.42,889.99
2017-04-13 09:37:27,889.42,889.99
2017-04-13 09:37:28,889.44,889.99
2017-04-13 09:37:29,889.45,889.99
2017-04-13 09:37:30,889.46,889.79
2017-04-13 09:37:31,889.51,889.79
2017-04-13 09:37:32,889.53,889.79
2017-04-13 09:37:33,889.53,889.78
2017-04-13 09:37:34,889.53,889.78
2017-04-13 09:37:35,889.54,889.78
2017-04-13 09:37:36,889.5,889.78
2017-04-13 09:37:37,889.5,889.78
2017-04-13 09:37:38,889.5,889.78
2017-04-13 09:37:39,889.5,889.78
2017-04-13 09:37:40,889.51,889.78
2017-04-13 09:37:41,889.51,889.78
2017-04-13 09:37:42,889.54,889.78
2017-04-13 09:37:43,889.54,889.9
2017-04-13 09:37:44,889.55,889.9
2017-04-13 09:37:45,889.56,889.9
2017-04-13 09:37:46,889.6,889.99
2017-04-13 09:37:47,889.6,889.99
2017-04-13 09:37:48,889.61,889.99
2017-04-13 09:37:49,889.61,889.99
2017-04-13 09:37:50,889.64,889.99
2017-04-13 09:37:51,889.65,889.99
2017-04-13 09:37:52,889.64,889.99
2017-04-13 09:37:53,889.64,889.99
2017-04-13 09:37:54,889.64,889.99
2017-04-13 09:37:55,889.64,889.99
2017-04-13 09:37:56,889.65,889.99
2017-04-13 09:37:57,889.65,889.99
2017-04-13 09:37:58,889.66,889.99
2017-04-13 09:37:59,889.66,889.99
2017-04-13 09:38:00,889.66,889.99
2017-04-13 09:38:01,889.66,889.99
2017-04-13 09:38:02,889.66,889.99
2017-04-13 09:38:03,889.31,889.51
2017-04-13 09:38:04,889.31,889.51
2017-04-13 09:38:05,889.32,889.62
2017-04-13 09:38:06,889.34,889.8
2017-04-13 09:38:07,889.35,889.8
2017-04-13 09:38:08,889.35,889.8
2017-04-13 09:38:09,889.4,889.8
2017-04-13 09:38:10,889.4,889.8
2017-04-13 09:38:11,889.03,889.35
2017-04-13 09:38:12,889.03,889.68
2017-04-13 09:38:13,889.05,889.68
2017-04-13 09:38:14,889.06,889.66
2017-04-13 09:38:15,889.05,889.4
2017-04-13 09:38:16,889.05,889.66
2017-04-13 09:38:17,889.06,889.65
2017-04-13 09:38:18,889.15,889.65
2017-04-13 09:38:19,889.16,889.65
2017-04-13 09:38:20,889.17,889.63
2017-04-13 09:38:21,889.18,889.61
2017-04-13 09:38:22,889.18,889.5
2017-04-13 09:38:23,889.19,889.5
2017-04-13 09:38:24,889.19,889.5
2017-04-13 09:38:25,889.19,889.5
2017-04-13 09:38:26,889.19,889.5
2017-04-13 09:38:27,889.5,889.88
2017-04-13 09:38:28,889.51,889.88
2017-04-13 09:38:29,889.51,889.99
2017-04-13 09:38:30,889.53,889.99
2017-04-13 09:38:31,890.0,890.5
2017-04-13 09:38:32,890.5,891.0
2017-04-13 09:38:33,890.5,890.97
2017-04-13 09:38:34,890.51,890.97
2017-04-13 09:38:35,890.5,890.97
2017-04-13 09:38:36,890.5,890.97
2017-04-13 09:38:37,890.51,890.97
2017-04-13 09:38:38,890.5,890.97
2017-04-13 09:38:39,890.5,890.97
2017-04-13 09:38:40,890.5,890.97
2017-04-13 09:38:41,890.5,890.97
2017-04-13 09:38:42,890.5,890.97
2017-04-13 09:38:43,890.5,890.97
2017-04-13 09:38:44,890.51,890.9
2017-04-13 09:38:45,890.52,890.9
2017-04-13 09:38:46,890.52,890.9
2017-04-13 09:38:47,890.51,890.9
2017-04-13 09:38:48,890.51,890.9
2017-04-13 09:38:49,890.51,890.9
2017-04-13 09:38:50,890.51,890.9
2017-04-13 09:38:51,890.53,890.9
2017-04-13 09:38:52,890.53,890.9
2017-04-13 09:38:53,890.54,890.9
2017-04-13 09:38:54,890.54,890.9
2017-04-13 09:38:55,890.54,890.9
2017-04-13 09:38:56,890.76,891.0
2017-04-13 09:38:57,890.76,891.0
2017-04-13 09:38:58,890.77,891.0
2017-04-13 09:38:59,890.77,891.0
2017-04-13 09:39:00,890.77,891.0
2017-04-13 09:39:01,890.77,891.0
2017-04-13 09:39:02,890.78,891.0
2017-04-13 09:39:03,890.61,891.0
2017-04-13 09:39:04,890.3,890.78
2017-04-13 09:39:05,890.27,890.54
2017-04-13 09:39:06,890.27,890.54
2017-04-13 09:39:07,890.33,890.78
2017-04-13 09:39:08,890.34,890.78
2017-04-13 09:39:09,890.34,890.72
2017-04-13 09:39:10,890.35,890.72
2017-04-13 09:39:11,890.42,890.72
2017-04-13 09:39:12,890.42,890.72
2017-04-13 09:39:13,890.33,890.72
2017-04-13 09:39:14,890.33,890.72
2017-04-13 09:39:15,890.33,890.72
2017-04-13 09:39:16,890.6,890.72
2017-04-13 09:39:17,890.6,890.72
2017-04-13 09:39:18,890.6,890.72
2017-04-13 09:39:19,890.5,890.71
2017-04-13 09:39:20,890.5,890.71
2017-04-13 09:39:21,890.5,890.71
2017-04-13 09:39:22,890.52,890.99
2017-04-13 09:39:23,890.52,890.99
2017-04-13 09:39:24,890.54,890.99
2017-04-13 09:39:25,890.54,890.99
2017-04-13 09:39:26,890.55,890.99
2017-04-13 09:39:27,890.55,890.99
2017-04-13 09:39:28,890.56,890.99
2017-04-13 09:39:29,890.56,890.99
2017-04-13 09:39:30,890.59,890.99
2017-04-13 09:39:31,890.7,890.99
2017-04-13 09:39:32,890.64,891.2
2017-04-13 09:39:33,891.22,891.5
2017-04-13 09:39:34,891.22,891.5
2017-04-13 09:39:35,891.22,891.5
2017-04-13 09:39:36,891.22,891.5
2017-04-13 09:39:37,891.22,891.5
2017-04-13 09:39:38,891.22,891.5
2017-04-13 09:39:39,891.22,891.5
2017-04-13 09:39:40,891.22,891.5
2017-04-13 09:39:41,891.22,891.5
2017-04-13 09:39:42,891.22,891.5
2017-04-13 09:39:43,891.22,891.5
2017-04-13 09:39:44,891.23,891.5
2017-04-13 09:39:45,891.23,891.5
2017-04-13 09:39:46,891.23,891.5
2017-04-13 09:39:47,891.23,891.5
2017-04-13 09:39:48,891.23,891.5
2017-04-13 09:39:49,891.24,891.5
2017-04-13 09:39:50,891.06,891.49
2017-04-13 09:39:51,891.0,891.49
2017-04-13 09:39:52,891.0,891.48
2017-04-13 09:39:53,891.0,891.43
2017-04-13 09:39:54,891.0,891.43
2017-04-13 09:39:55,890.99,891.43
2017-04-13 09:39:56,890.99,891.43
2017-04-13 09:39:57,890.99,891.43
2017-04-13 09:39:58,890.99,891.43
2017-04-13 09:39:59,890.99,891.43
2017-04-13 09:40:00,890.99,891.43
2017-04-13 09:40:01,890.99,891.43
2017-04-13 09:40:02,890.78,891.43
2017-04-13 09:40:03,890.78,891.43
2017-04-13 09:40:04,890.78,891.22
2017-04-13 09:40:05,890.78,891.22
2017-04-13 09:40:06,890.78,891.0
2017-04-13 09:40:07,890.78,891.0
2017-04-13 09:40:08,890.78,891.0
2017-04-13 09:40:09,890.78,891.0
2017-04-13 09:40:10,890.78,891.0
2017-04-13 09:40:11,890.81,891.0
2017-04-13 09:40:12,890.81,891.22
2017-04-13 09:40:13,890.81,891.22
2017-04-13 09:40:14,891.0,891.22
2017-04-13 09:40:15,891.0,891.22
2017-04-13 09:40:16,891.0,891.44
2017-04-13 09:40:17,891.01,891.44
2017-04-13 09:40:18,891.04,891.47
2017-04-13 09:40:19,891.09,891.47
2017-04-13 09:40:20,891.09,891.47
2017-04-13 09:40:21,891.08,891.46
2017-04-13 09:40:22,891.08,891.46
2017-04-13 09:40:23,891.07,891.45
2017-04-13 09:40:24,891.06,891.45
2017-04-13 09:40:25,891.06,891.45
2017-04-13 09:40:26,891.06,891.45
2017-04-13 09:40:27,891.06,891.45
2017-04-13 09:40:28,891.06,891.25
2017-04-13 09:40:29,890.78,891.24
2017-04-13 09:40:30,890.78,891.23
2017-04-13 09:40:31,890.78,891.06
2017-04-13 09:40:32,890.78,891.06
2017-04-13 09:40:33,890.78,891.06
2017-04-13 09:40:34,891.0,891.06
2017-04-13 09:40:35,890.82,891.06
2017-04-13 09:40:36,890.82,891.06
2017-04-13 09:40:37,890.82,891.06
2017-04-13 09:40:38,890.82,891.06
2017-04-13 09:40:39,890.84,891.06
2017-04-13 09:40:40,890.84,891.06
2017-04-13 09:40:41,890.84,891.06
2017-04-13 09:40:42,890.84,891.06
2017-04-13 09:40:43,890.84,891.06
2017-04-13 09:40:44,890.84,891.03
2017-04-13 09:40:45,890.84,891.03
2017-04-13 09:40:46,890.84,891.03
2017-04-13 09:40:47,890.84,891.03
2017-04-13 09:40:48,890.84,891.03
2017-04-13 09:40:49,890.84,891.23
2017-04-13 09:40:50,890.65,890.82
2017-04-13 09:40:51,890.25,890.55
2017-04-13 09:40:52,890.51,890.55
2017-04-13 09:40:53,890.25,890.54
2017-04-13 09:40:54,890.25,890.54
2017-04-13 09:40:55,890.25,890.54
2017-04-13 09:40:56,890.25,890.54
2017-04-13 09:40:57,890.25,890.54
2017-04-13 09:40:58,890.25,890.54
2017-04-13 09:40:59,890.25,890.54
2017-04-13 09:41:00,890.25,890.54
2017-04-13 09:41:01,890.25,890.54
2017-04-13 09:41:02,890.25,890.54
2017-04-13 09:41:03,890.25,890.54
2017-04-13 09:41:04,890.31,890.94
2017-04-13 09:41:05,890.32,890.94
2017-04-13 09:41:06,890.32,890.94
2017-04-13 09:41:07,890.32,890.94
2017-04-13 09:41:08,890.54,890.94
2017-04-13 09:41:09,890.55,890.94
2017-04-13 09:41:10,890.55,890.94
2017-04-13 09:41:11,890.55,890.94
2017-04-13 09:41:12,890.55,890.94
2017-04-13 09:41:13,890.56,890.94
2017-04-13 09:41:14,890.55,890.94
2017-04-13 09:41:15,890.55,890.94
2017-04-13 09:41:16,890.55,890.94
2017-04-13 09:41:17,890.55,890.94
2017-04-13 09:41:18,890.55,890.94
2017-04-13 09:41:19,890.55,890.94
2017-04-13 09:41:20,890.55,890.93
2017-04-13 09:41:21,890.55,890.93
2017-04-13 09:41:22,890.55,890.93
2017-04-13 09:41:23,890.55,890.93
2017-04-13 09:41:24,890.55,890.93
2017-04-13 09:41:25,890.55,890.93
2017-04-13 09:41:26,890.55,890.93
2017-04-13 09:41:27,890.55,890.93
2017-04-13 09:41:28,890.56,890.93
2017-04-13 09:41:29,890.56,890.94
2017-04-13 09:41:30,890.55,890.94
2017-04-13 09:41:31,890.55,890.94
2017-04-13 09:41:32,890.56,890.94
2017-04-13 09:41:33,890.55,890.96
2017-04-13 09:41:34,890.56,890.96
2017-04-13 09:41:35,890.56,890.96
2017-04-13 09:41:36,890.56,890.94
2017-04-13 09:41:37,890.56,890.94
2017-04-13 09:41:38,890.55,890.94
2017-04-13 09:41:39,890.55,890.94
2017-04-13 09:41:40,890.34,890.84
2017-04-13 09:41:41,890.32,890.84
2017-04-13 09:41:42,890.32,890.84
2017-04-13 09:41:43,890.33,890.84
2017-04-13 09:41:44,890.33,890.84
2017-04-13 09:41:45,890.33,890.84
2017-04-13 09:41:46,890.5,890.84
2017-04-13 09:41:47,890.5,890.84
2017-04-13 09:41:48,890.5,890.84
2017-04-13 09:41:49,890.5,890.84
2017-04-13 09:41:50,890.32,890.72
2017-04-13 09:41:51,890.32,890.66
2017-04-13 09:41:52,890.33,890.66
2017-04-13 09:41:53,890.36,890.71
2017-04-13 09:41:54,890.33,890.71
2017-04-13 09:41:55,890.5,890.71
2017-04-13 09:41:56,890.33,890.71
2017-04-13 09:41:57,890.33,890.71
2017-04-13 09:41:58,890.34,890.71
2017-04-13 09:41:59,890.33,890.71
2017-04-13 09:42:00,890.33,890.71
2017-04-13 09:42:01,890.34,890.71
2017-04-13 09:42:02,890.34,890.71
2017-04-13 09:42:03,890.34,890.71
2017-04-13 09:42:04,890.32,890.71
2017-04-13 09:42:05,890.32,890.71
2017-04-13 09:42:06,890.01,890.45
2017-04-13 09:42:07,889.9,890.45
2017-04-13 09:42:08,889.9,890.33
2017-04-13 09:42:09,889.9,890.33
2017-04-13 09:42:10,889.67,890.32
2017-04-13 09:42:11,889.67,890.27
2017-04-13 09:42:12,889.8,890.27
2017-04-13 09:42:13,889.67,890.26
2017-04-13 09:42:14,890.0,890.26
2017-04-13 09:42:15,890.0,890.26
2017-04-13 09:42:16,890.0,890.26
2017-04-13 09:42:17,890.05,890.5
2017-04-13 09:42:18,890.36,890.49
2017-04-13 09:42:19,890.05,890.47
2017-04-13 09:42:20,890.05,890.49
2017-04-13 09:42:21,890.05,890.48
2017-04-13 09:42:22,890.05,890.47
2017-04-13 09:42:23,890.05,890.46
2017-04-13 09:42:24,890.05,890.45
2017-04-13 09:42:25,890.05,890.44
2017-04-13 09:42:26,890.05,890.44
2017-04-13 09:42:27,890.05,890.43
2017-04-13 09:42:28,890.05,890.42
2017-04-13 09:42:29,890.05,890.42
2017-04-13 09:42:30,890.06,890.42
2017-04-13 09:42:31,890.06,890.42
2017-04-13 09:42:32,890.06,890.42
2017-04-13 09:42:33,890.06,890.37
2017-04-13 09:42:34,890.06,890.37
2017-04-13 09:42:35,890.06,890.35
2017-04-13 09:42:36,890.06,890.34
2017-04-13 09:42:37,890.06,890.33
2017-04-13 09:42:38,890.06,890.33
2017-04-13 09:42:39,890.06,890.32
2017-04-13 09:42:40,890.16,890.32
2017-04-13 09:42:41,890.16,890.25
2017-04-13 09:42:42,890.22,890.75
2017-04-13 09:42:43,890.22,890.73
2017-04-13 09:42:44,890.22,890.72
2017-04-13 09:42:45,890.22,890.7
2017-04-13 09:42:46,890.23,890.67
2017-04-13 09:42:47,890.23,890.66
2017-04-13 09:42:48,890.24,890.66
2017-04-13 09:42:49,890.24,890.66
2017-04-13 09:42:50,890.24,890.66
2017-04-13 09:42:51,890.17,890.66
2017-04-13 09:42:52,890.17,890.66
2017-04-13 09:42:53,890.17,890.66
2017-04-13 09:42:54,890.27,890.65
2017-04-13 09:42:55,890.27,890.64
2017-04-13 09:42:56,890.27,890.62
2017-04-13 09:42:57,890.27,890.6
2017-04-13 09:42:58,890.17,890.6
2017-04-13 09:42:59,890.17,890.58
2017-04-13 09:43:00,890.17,890.58
2017-04-13 09:43:01,890.44,890.57
2017-04-13 09:43:02,890.44,890.57
2017-04-13 09:43:03,890.45,890.75
2017-04-13 09:43:04,890.46,890.86
2017-04-13 09:43:05,890.56,891.0
2017-04-13 09:43:06,890.56,891.0
2017-04-13 09:43:07,890.56,891.0
2017-04-13 09:43:08,890.56,891.0
2017-04-13 09:43:09,890.57,891.0
2017-04-13 09:43:10,890.57,891.0
2017-04-13 09:43:11,890.57,891.0
2017-04-13 09:43:12,890.57,891.0
2017-04-13 09:43:13,890.57,891.0
2017-04-13 09:43:14,890.53,891.0
2017-04-13 09:43:15,890.52,891.0
2017-04-13 09:43:16,890.52,891.0
2017-04-13 09:43:17,890.52,891.0
2017-04-13 09:43:18,890.52,891.0
2017-04-13 09:43:19,890.7,891.0
2017-04-13 09:43:20,890.52,890.99
2017-04-13 09:43:21,890.52,890.99
2017-04-13 09:43:22,890.52,890.99
2017-04-13 09:43:23,890.46,890.98
2017-04-13 09:43:24,890.46,890.98
2017-04-13 09:43:25,890.46,890.98
2017-04-13 09:43:26,890.46,890.98
2017-04-13 09:43:27,890.45,890.98
2017-04-13 09:43:28,890.45,890.98
2017-04-13 09:43:29,890.45,890.98
2017-04-13 09:43:30,890.45,890.97
2017-04-13 09:43:31,890.45,890.97
2017-04-13 09:43:32,890.45,890.97
2017-04-13 09:43:33,890.45,890.97
2017-04-13 09:43:34,890.45,890.93
2017-04-13 09:43:35,890.45,890.93
2017-04-13 09:43:36,890.45,890.93
2017-04-13 09:43:37,890.45,890.93
2017-04-13 09:43:38,890.45,890.93
2017-04-13 09:43:39,890.46,890.93
2017-04-13 09:43:40,890.45,890.93
2017-04-13 09:43:41,890.45,890.72
2017-04-13 09:43:42,890.45,890.72
2017-04-13 09:43:43,890.45,890.72
2017-04-13 09:43:44,890.45,890.72
2017-04-13 09:43:45,890.18,890.67
2017-04-13 09:43:46,890.18,890.67
2017-04-13 09:43:47,890.14,890.67
2017-04-13 09:43:48,890.14,890.51
2017-04-13 09:43:49,890.14,890.45
2017-04-13 09:43:50,890.14,890.35
2017-04-13 09:43:51,890.14,890.35
2017-04-13 09:43:52,890.14,890.35
2017-04-13 09:43:53,890.05,890.34
2017-04-13 09:43:54,890.05,890.34
2017-04-13 09:43:55,890.05,890.34
2017-04-13 09:43:56,890.05,890.34
2017-04-13 09:43:57,890.05,890.34
2017-04-13 09:43:58,890.05,890.34
2017-04-13 09:43:59,890.05,890.34
2017-04-13 09:44:00,890.05,890.34
2017-04-13 09:44:01,890.05,890.33
2017-04-13 09:44:02,890.05,890.33
2017-04-13 09:44:03,890.05,890.33
2017-04-13 09:44:04,890.05,890.33
2017-04-13 09:44:05,890.05,890.33
2017-04-13 09:44:06,890.11,890.45
2017-04-13 09:44:07,890.11,890.45
2017-04-13 09:44:08,890.16,890.6
2017-04-13 09:44:09,890.17,890.6
2017-04-13 09:44:10,890.16,890.5
2017-04-13 09:44:11,890.16,890.5
2017-04-13 09:44:12,890.16,890.5
2017-04-13 09:44:13,890.16,890.46
2017-04-13 09:44:14,890.16,890.46
2017-04-13 09:44:15,890.16,890.43
2017-04-13 09:44:16,890.16,890.43
2017-04-13 09:44:17,890.16,890.43
2017-04-13 09:44:18,890.16,890.43
2017-04-13 09:44:19,890.16,890.43
2017-04-13 09:44:20,890.16,890.5
2017-04-13 09:44:21,890.16,890.5
2017-04-13 09:44:22,890.16,890.5
2017-04-13 09:44:23,890.16,890.5
2017-04-13 09:44:24,890.17,890.5
2017-04-13 09:44:25,890.17,890.5
2017-04-13 09:44:26,890.16,890.5
2017-04-13 09:44:27,890.16,890.5
2017-04-13 09:44:28,890.16,890.56
2017-04-13 09:44:29,890.16,890.56
2017-04-13 09:44:30,890.16,890.56
2017-04-13 09:44:31,890.33,890.56
2017-04-13 09:44:32,890.33,890.56
2017-04-13 09:44:33,890.33,890.56
2017-04-13 09:44:34,890.33,890.56
2017-04-13 09:44:35,890.33,890.56
2017-04-13 09:44:36,890.33,890.56
2017-04-13 09:44:37,890.33,890.56
2017-04-13 09:44:38,890.33,890.56
2017-04-13 09:44:39,890.33,890.56
2017-04-13 09:44:40,890.12,890.56
2017-04-13 09:44:41,890.1,890.55
2017-04-13 09:44:42,890.1,890.56
2017-04-13 09:44:43,890.1,890.56
2017-04-13 09:44:44,890.1,890.56
2017-04-13 09:44:45,890.1,890.4
2017-04-13 09:44:46,890.1,890.56
2017-04-13 09:44:47,890.1,890.56
2017-04-13 09:44:48,890.1,890.56
2017-04-13 09:44:49,890.1,890.56
2017-04-13 09:44:50,890.11,890.56
2017-04-13 09:44:51,890.11,890.4
2017-04-13 09:44:52,890.12,890.56
2017-04-13 09:44:53,890.13,890.56
2017-04-13 09:44:54,890.14,890.4
2017-04-13 09:44:55,890.15,890.56
2017-04-13 09:44:56,890.16,890.56
2017-04-13 09:44:57,890.17,890.56
2017-04-13 09:44:58,890.21,890.56
2017-04-13 09:44:59,890.21,890.56
2017-04-13 09:45:00,890.17,890.56
2017-04-13 09:45:01,890.17,890.56
2017-04-13 09:45:02,890.17,890.56
2017-04-13 09:45:03,890.31,890.56
2017-04-13 09:45:04,890.31,890.56
2017-04-13 09:45:05,890.25,890.56
2017-04-13 09:45:06,890.25,890.56
2017-04-13 09:45:07,890.15,890.56
2017-04-13 09:45:08,890.16,890.56
2017-04-13 09:45:09,890.15,890.56
2017-04-13 09:45:10,890.15,890.56
2017-04-13 09:45:11,890.16,890.56
2017-04-13 09:45:12,890.16,890.56
2017-04-13 09:45:13,890.15,890.56
2017-04-13 09:45:14,890.15,890.56
2017-04-13 09:45:15,890.11,890.5
2017-04-13 09:45:16,890.11,890.5
2017-04-13 09:45:17,890.03,890.5
2017-04-13 09:45:18,890.03,890.5
2017-04-13 09:45:19,890.03,890.49
2017-04-13 09:45:20,890.03,890.49
2017-04-13 09:45:21,890.03,890.49
2017-04-13 09:45:22,890.01,890.49
2017-04-13 09:45:23,890.01,890.49
2017-04-13 09:45:24,890.01,890.49
2017-04-13 09:45:25,890.01,890.49
2017-04-13 09:45:26,890.2,890.48
2017-04-13 09:45:27,890.2,890.47
2017-04-13 09:45:28,890.2,890.47
2017-04-13 09:45:29,890.2,890.47
2017-04-13 09:45:30,890.2,890.47
2017-04-13 09:45:31,890.01,890.47
2017-04-13 09:45:32,890.01,890.47
2017-04-13 09:45:33,890.01,890.47
2017-04-13 09:45:34,890.01,890.47
2017-04-13 09:45:35,890.01,890.47
2017-04-13 09:45:36,890.01,890.47
2017-04-13 09:45:37,890.02,890.47
2017-04-13 09:45:38,890.06,890.56
2017-04-13 09:45:39,890.07,890.56
2017-04-13 09:45:40,890.12,890.56
2017-04-13 09:45:41,890.28,890.56
2017-04-13 09:45:42,890.28,890.56
2017-04-13 09:45:43,890.28,890.56
2017-04-13 09:45:44,890.28,890.56
2017-04-13 09:45:45,890.28,890.56
2017-04-13 09:45:46,890.28,890.56
2017-04-13 09:45:47,890.28,890.56
2017-04-13 09:45:48,890.28,890.56
2017-04-13 09:45:49,890.29,890.56
2017-04-13 09:45:50,890.29,890.56
2017-04-13 09:45:51,890.31,890.71
2017-04-13 09:45:52,890.31,890.71
2017-04-13 09:45:53,890.31,890.71
2017-04-13 09:45:54,890.32,890.71
2017-04-13 09:45:55,890.37,890.71
2017-04-13 09:45:56,890.37,890.71
2017-04-13 09:45:57,890.37,890.71
2017-04-13 09:45:58,890.38,890.71
2017-04-13 09:45:59,890.45,890.9
2017-04-13 09:46:00,890.45,891.0
2017-04-13 09:46:01,890.45,890.99
2017-04-13 09:46:02,890.55,891.0
2017-04-13 09:46:03,890.56,891.0
2017-04-13 09:46:04,890.56,890.99
2017-04-13 09:46:05,890.56,891.0
2017-04-13 09:46:06,890.57,891.0
2017-04-13 09:46:07,890.57,891.0
2017-04-13 09:46:08,890.58,891.0
2017-04-13 09:46:09,890.58,891.0
2017-04-13 09:46:10,890.58,891.0
2017-04-13 09:46:11,890.58,891.0
2017-04-13 09:46:12,890.58,891.0
2017-04-13 09:46:13,890.58,891.0
2017-04-13 09:46:14,890.63,891.0
2017-04-13 09:46:15,890.63,891.0
2017-04-13 09:46:16,890.63,891.0
2017-04-13 09:46:17,890.64,891.0
2017-04-13 09:46:18,890.64,891.0
2017-04-13 09:46:19,890.64,891.0
2017-04-13 09:46:20,890.64,891.0
2017-04-13 09:46:21,890.65,891.0
2017-04-13 09:46:22,890.7,891.0
2017-04-13 09:46:23,890.94,891.3
2017-04-13 09:46:24,890.98,891.13
2017-04-13 09:46:25,891.07,891.2
2017-04-13 09:46:26,891.07,891.19
2017-04-13 09:46:27,891.13,891.47
2017-04-13 09:46:28,891.14,891.47
2017-04-13 09:46:29,891.16,891.47
2017-04-13 09:46:30,891.17,891.47
2017-04-13 09:46:31,891.18,891.47
2017-04-13 09:46:32,891.18,891.47
2017-04-13 09:46:33,891.18,891.47
2017-04-13 09:46:34,891.18,891.47
2017-04-13 09:46:35,891.18,891.4
2017-04-13 09:46:36,891.18,891.4
2017-04-13 09:46:37,891.3,891.4
2017-04-13 09:46:38,891.13,891.47
2017-04-13 09:46:39,891.13,891.47
2017-04-13 09:46:40,891.13,891.47
2017-04-13 09:46:41,891.07,891.47
2017-04-13 09:46:42,891.07,891.47
2017-04-13 09:46:43,891.07,891.46
2017-04-13 09:46:44,891.07,891.46
2017-04-13 09:46:45,891.07,891.46
2017-04-13 09:46:46,891.07,891.46
2017-04-13 09:46:47,891.07,891.46
2017-04-13 09:46:48,891.07,891.46
2017-04-13 09:46:49,891.07,891.45
2017-04-13 09:46:50,891.07,891.4
2017-04-13 09:46:51,891.07,891.4
2017-04-13 09:46:52,891.07,891.4
2017-04-13 09:46:53,890.57,891.31
2017-04-13 09:46:54,890.57,891.3
2017-04-13 09:46:55,890.57,891.3
2017-04-13 09:46:56,890.46,891.29
2017-04-13 09:46:57,890.46,891.28
2017-04-13 09:46:58,890.46,891.28
2017-04-13 09:46:59,890.46,891.28
2017-04-13 09:47:00,890.46,891.28
2017-04-13 09:47:01,890.46,891.28
2017-04-13 09:47:02,890.46,891.28
2017-04-13 09:47:03,890.45,891.28
2017-04-13 09:47:04,890.51,891.25
2017-04-13 09:47:05,890.51,891.24
2017-04-13 09:47:06,890.51,891.23
2017-04-13 09:47:07,890.51,891.23
2017-04-13 09:47:08,890.75,891.23
2017-04-13 09:47:09,890.76,891.23
2017-04-13 09:47:10,890.75,891.23
2017-04-13 09:47:11,890.75,891.23
2017-04-13 09:47:12,890.75,890.98
2017-04-13 09:47:13,890.75,890.98
2017-04-13 09:47:14,890.51,890.98
2017-04-13 09:47:15,890.51,890.98
2017-04-13 09:47:16,890.51,890.98
2017-04-13 09:47:17,890.52,890.98
2017-04-13 09:47:18,890.51,890.98
2017-04-13 09:47:19,890.51,890.98
2017-04-13 09:47:20,890.51,890.98
2017-04-13 09:47:21,890.51,890.98
2017-04-13 09:47:22,890.51,890.98
2017-04-13 09:47:23,890.51,890.98
2017-04-13 09:47:24,890.52,890.98
2017-04-13 09:47:25,890.52,890.98
2017-04-13 09:47:26,890.52,890.98
2017-04-13 09:47:27,890.52,890.98
2017-04-13 09:47:28,890.52,890.87
2017-04-13 09:47:29,890.52,890.87
2017-04-13 09:47:30,890.52,890.87
2017-04-13 09:47:31,890.52,890.87
2017-04-13 09:47:32,890.52,890.87
2017-04-13 09:47:33,890.52,890.74
2017-04-13 09:47:34,890.55,890.74
2017-04-13 09:47:35,890.55,890.74
2017-04-13 09:47:36,890.55,890.74
2017-04-13 09:47:37,890.55,890.74
2017-04-13 09:47:38,890.55,890.76
2017-04-13 09:47:39,890.55,890.76
2017-04-13 09:47:40,890.55,890.86
2017-04-13 09:47:41,890.55,890.71
2017-04-13 09:47:42,890.55,890.86
2017-04-13 09:47:43,890.55,890.86
2017-04-13 09:47:44,890.55,890.86
2017-04-13 09:47:45,890.55,890.86
2017-04-13 09:47:46,890.55,890.86
2017-04-13 09:47:47,890.55,890.86
2017-04-13 09:47:48,890.63,890.86
2017-04-13 09:47:49,890.63,890.85
2017-04-13 09:47:50,890.63,890.85
2017-04-13 09:47:51,890.64,890.86
2017-04-13 09:47:52,890.66,890.87
2017-04-13 09:47:53,890.66,890.87
2017-04-13 09:47:54,890.69,890.87
2017-04-13 09:47:55,890.61,890.87
2017-04-13 09:47:56,890.61,890.87
2017-04-13 09:47:57,890.61,890.87
2017-04-13 09:47:58,890.62,890.87
2017-04-13 09:47:59,890.62,890.87
2017-04-13 09:48:00,890.63,890.86
2017-04-13 09:48:01,890.63,890.87
2017-04-13 09:48:02,890.63,890.87
2017-04-13 09:48:03,890.63,890.87
2017-04-13 09:48:04,890.63,890.87
2017-04-13 09:48:05,890.63,890.87
2017-04-13 09:48:06,890.63,890.87
2017-04-13 09:48:07,890.61,890.87
2017-04-13 09:48:08,890.61,890.87
2017-04-13 09:48:09,890.62,890.87
2017-04-13 09:48:10,890.62,890.87
2017-04-13 09:48:11,890.62,890.87
2017-04-13 09:48:12,890.62,890.87
2017-04-13 09:48:13,890.65,891.2
2017-04-13 09:48:14,890.76,891.2
2017-04-13 09:48:15,890.78,891.2
2017-04-13 09:48:16,890.92,891.2
2017-04-13 09:48:17,890.92,891.2
2017-04-13 09:48:18,890.92,891.2
2017-04-13 09:48:19,890.94,891.2
2017-04-13 09:48:20,890.94,891.2
2017-04-13 09:48:21,890.93,891.2
2017-04-13 09:48:22,890.93,891.2
2017-04-13 09:48:23,890.93,891.2
2017-04-13 09:48:24,890.93,891.2
2017-04-13 09:48:25,890.93,891.2
2017-04-13 09:48:26,890.93,891.2
2017-04-13 09:48:27,890.93,891.2
2017-04-13 09:48:28,890.93,891.19
2017-04-13 09:48:29,890.93,891.19
2017-04-13 09:48:30,890.93,891.19
2017-04-13 09:48:31,891.0,891.19
2017-04-13 09:48:32,891.0,891.19
2017-04-13 09:48:33,891.01,891.2
2017-04-13 09:48:34,891.05,891.2
2017-04-13 09:48:35,891.05,891.2
2017-04-13 09:48:36,891.08,891.2
2017-04-13 09:48:37,891.1,891.25
2017-04-13 09:48:38,891.1,891.25
2017-04-13 09:48:39,891.1,891.25
2017-04-13 09:48:40,891.1,891.25
2017-04-13 09:48:41,891.1,891.25
2017-04-13 09:48:42,891.0,891.25
2017-04-13 09:48:43,891.0,891.26
2017-04-13 09:48:44,891.0,891.26
2017-04-13 09:48:45,891.0,891.26
2017-04-13 09:48:46,891.0,891.26
2017-04-13 09:48:47,891.1,891.26
2017-04-13 09:48:48,891.1,891.26
2017-04-13 09:48:49,891.1,891.26
2017-04-13 09:48:50,891.27,891.4
2017-04-13 09:48:51,891.27,891.4
2017-04-13 09:48:52,891.11,891.4
2017-04-13 09:48:53,891.11,891.4
2017-04-13 09:48:54,891.01,891.4
2017-04-13 09:48:55,891.01,891.4
2017-04-13 09:48:56,890.97,891.4
2017-04-13 09:48:57,891.0,891.4
2017-04-13 09:48:58,891.0,891.4
2017-04-13 09:48:59,891.0,891.4
2017-04-13 09:49:00,891.0,891.4
2017-04-13 09:49:01,891.0,891.4
2017-04-13 09:49:02,891.0,891.4
2017-04-13 09:49:03,891.0,891.4
2017-04-13 09:49:04,891.0,891.4
2017-04-13 09:49:05,891.0,891.25
2017-04-13 09:49:06,890.94,891.25
2017-04-13 09:49:07,890.75,891.25
2017-04-13 09:49:08,890.63,891.25
2017-04-13 09:49:09,890.66,891.25
2017-04-13 09:49:10,890.63,891.25
2017-04-13 09:49:11,890.63,891.0
2017-04-13 09:49:12,890.51,890.99
2017-04-13 09:49:13,890.51,890.99
2017-04-13 09:49:14,890.51,890.99
2017-04-13 09:49:15,890.51,890.99
2017-04-13 09:49:16,890.51,890.99
2017-04-13 09:49:17,890.51,890.99
2017-04-13 09:49:18,890.51,890.99
2017-04-13 09:49:19,890.51,890.99
2017-04-13 09:49:20,890.51,890.99
2017-04-13 09:49:21,890.51,890.99
2017-04-13 09:49:22,890.51,890.99
2017-04-13 09:49:23,890.52,890.99
2017-04-13 09:49:24,890.52,890.99
2017-04-13 09:49:25,890.52,890.99
2017-04-13 09:49:26,890.53,890.99
2017-04-13 09:49:27,890.53,890.99
2017-04-13 09:49:28,890.53,890.99
2017-04-13 09:49:29,890.53,890.9
2017-04-13 09:49:30,890.54,890.9
2017-04-13 09:49:31,890.54,890.9
2017-04-13 09:49:32,890.54,890.7
2017-04-13 09:49:33,890.54,890.7
2017-04-13 09:49:34,890.54,890.7
2017-04-13 09:49:35,890.56,890.99
2017-04-13 09:49:36,890.57,890.99
2017-04-13 09:49:37,890.58,890.99
2017-04-13 09:49:38,890.63,890.99
2017-04-13 09:49:39,890.65,890.99
2017-04-13 09:49:40,890.66,890.99
2017-04-13 09:49:41,890.89,890.99
2017-04-13 09:49:42,890.91,890.99
2017-04-13 09:49:43,890.53,890.99
2017-04-13 09:49:44,890.53,890.99
2017-04-13 09:49:45,890.56,890.99
2017-04-13 09:49:46,890.59,890.99
2017-04-13 09:49:47,890.62,890.99
2017-04-13 09:49:48,890.56,890.99
2017-04-13 09:49:49,890.56,890.99
2017-04-13 09:49:50,890.56,890.99
2017-04-13 09:49:51,890.61,891.09
2017-04-13 09:49:52,890.62,891.09
2017-04-13 09:49:53,890.7,891.09
2017-04-13 09:49:54,890.7,891.09
2017-04-13 09:49:55,890.7,891.09
2017-04-13 09:49:56,890.56,891.0
2017-04-13 09:49:57,890.55,891.0
2017-04-13 09:49:58,890.55,891.0
2017-04-13 09:49:59,890.55,891.0
2017-04-13 09:50:00,890.55,891.0
2017-04-13 09:50:01,890.55,891.0
2017-04-13 09:50:02,890.55,891.0
2017-04-13 09:50:03,890.61,891.0
2017-04-13 09:50:04,890.61,891.0
2017-04-13 09:50:05,890.51,890.99
2017-04-13 09:50:06,890.2,890.57
2017-04-13 09:50:07,890.13,890.56
2017-04-13 09:50:08,890.13,890.56
2017-04-13 09:50:09,890.11,890.56
2017-04-13 09:50:10,890.11,890.56
2017-04-13 09:50:11,890.11,890.56
2017-04-13 09:50:12,890.11,890.56
2017-04-13 09:50:13,890.11,890.56
2017-04-13 09:50:14,890.11,890.56
2017-04-13 09:50:15,890.11,890.55
2017-04-13 09:50:16,890.11,890.55
2017-04-13 09:50:17,890.11,890.55
2017-04-13 09:50:18,890.25,890.55
2017-04-13 09:50:19,890.25,890.55
2017-04-13 09:50:20,890.25,890.55
2017-04-13 09:50:21,890.25,890.55
2017-04-13 09:50:22,890.25,890.55
2017-04-13 09:50:23,890.25,890.55
2017-04-13 09:50:24,890.12,890.54
2017-04-13 09:50:25,890.11,890.54
2017-04-13 09:50:26,890.12,890.54
2017-04-13 09:50:27,890.12,890.54
2017-04-13 09:50:28,890.12,890.54
2017-04-13 09:50:29,890.12,890.54
2017-04-13 09:50:30,890.12,890.54
2017-04-13 09:50:31,890.12,890.54
2017-04-13 09:50:32,890.12,890.54
2017-04-13 09:50:33,890.12,890.54
2017-04-13 09:50:34,890.21,890.5
2017-04-13 09:50:35,890.12,890.5
2017-04-13 09:50:36,890.12,890.5
2017-04-13 09:50:37,890.12,890.49
2017-04-13 09:50:38,890.12,890.49
2017-04-13 09:50:39,890.12,890.49
2017-04-13 09:50:40,890.12,890.49
2017-04-13 09:50:41,890.12,890.49
2017-04-13 09:50:42,890.12,890.49
2017-04-13 09:50:43,890.13,890.49
2017-04-13 09:50:44,890.12,890.49
2017-04-13 09:50:45,890.12,890.49
2017-04-13 09:50:46,890.12,890.49
2017-04-13 09:50:47,890.12,890.49
2017-04-13 09:50:48,890.12,890.49
2017-04-13 09:50:49,890.12,890.49
2017-04-13 09:50:50,890.13,890.49
2017-04-13 09:50:51,890.12,890.49
2017-04-13 09:50:52,890.12,890.49
2017-04-13 09:50:53,890.12,890.49
2017-04-13 09:50:54,890.12,890.49
2017-04-13 09:50:55,890.12,890.49
2017-04-13 09:50:56,890.13,890.49
2017-04-13 09:50:57,890.17,890.57
2017-04-13 09:50:58,890.19,890.57
2017-04-13 09:50:59,890.19,890.57
2017-04-13 09:51:00,890.58,890.97
2017-04-13 09:51:01,890.59,890.93
2017-04-13 09:51:02,890.65,890.93
2017-04-13 09:51:03,890.65,890.93
2017-04-13 09:51:04,890.65,890.93
2017-04-13 09:51:05,890.65,890.93
2017-04-13 09:51:06,890.65,890.93
2017-04-13 09:51:07,890.66,890.93
2017-04-13 09:51:08,890.68,891.0
2017-04-13 09:51:09,890.67,891.0
2017-04-13 09:51:10,891.0,891.25
2017-04-13 09:51:11,891.01,891.25
2017-04-13 09:51:12,891.07,891.4
2017-04-13 09:51:13,891.07,891.4
2017-04-13 09:51:14,891.12,891.68
2017-04-13 09:51:15,891.18,891.51
2017-04-13 09:51:16,891.19,891.51
2017-04-13 09:51:17,891.2,891.51
2017-04-13 09:51:18,891.2,891.51
2017-04-13 09:51:19,891.2,891.51
2017-04-13 09:51:20,891.2,891.51
2017-04-13 09:51:21,891.2,891.51
2017-04-13 09:51:22,891.2,891.51
2017-04-13 09:51:23,890.97,891.68
2017-04-13 09:51:24,891.0,891.68
2017-04-13 09:51:25,891.01,891.68
2017-04-13 09:51:26,891.01,891.68
2017-04-13 09:51:27,891.02,891.68
2017-04-13 09:51:28,891.02,891.68
2017-04-13 09:51:29,891.02,891.68
2017-04-13 09:51:30,891.02,891.67
2017-04-13 09:51:31,891.03,891.5
2017-04-13 09:51:32,891.03,891.5
2017-04-13 09:51:33,891.18,891.5
2017-04-13 09:51:34,891.18,891.5
2017-04-13 09:51:35,891.18,891.5
2017-04-13 09:51:36,891.18,891.5
2017-04-13 09:51:37,891.18,891.49
2017-04-13 09:51:38,891.18,891.49
2017-04-13 09:51:39,891.18,891.49
2017-04-13 09:51:40,891.18,891.49
2017-04-13 09:51:41,891.03,891.47
2017-04-13 09:51:42,891.03,891.43
2017-04-13 09:51:43,891.03,891.43
2017-04-13 09:51:44,891.03,891.43
2017-04-13 09:51:45,891.03,891.43
2017-04-13 09:51:46,891.03,891.43
2017-04-13 09:51:47,891.03,891.43
2017-04-13 09:51:48,891.04,891.43
2017-04-13 09:51:49,891.04,891.43
2017-04-13 09:51:50,891.03,891.43
2017-04-13 09:51:51,891.03,891.43
2017-04-13 09:51:52,891.03,891.43
2017-04-13 09:51:53,891.03,891.43
2017-04-13 09:51:54,891.05,891.43
2017-04-13 09:51:55,891.04,891.43
2017-04-13 09:51:56,891.09,891.43
2017-04-13 09:51:57,891.04,891.43
2017-04-13 09:51:58,891.06,891.43
2017-04-13 09:51:59,891.05,891.43
2017-04-13 09:52:00,891.05,891.42
2017-04-13 09:52:01,890.81,891.41
2017-04-13 09:52:02,890.64,891.4
2017-04-13 09:52:03,890.64,891.4
2017-04-13 09:52:04,890.83,891.4
2017-04-13 09:52:05,890.68,891.4
2017-04-13 09:52:06,890.85,891.4
2017-04-13 09:52:07,890.64,891.4
2017-04-13 09:52:08,890.85,891.4
2017-04-13 09:52:09,890.66,891.4
2017-04-13 09:52:10,890.66,891.39
2017-04-13 09:52:11,890.56,891.36
2017-04-13 09:52:12,890.56,891.07
2017-04-13 09:52:13,890.66,891.05
2017-04-13 09:52:14,890.67,891.02
2017-04-13 09:52:15,890.67,891.01
2017-04-13 09:52:16,890.67,890.84
2017-04-13 09:52:17,890.56,890.83
2017-04-13 09:52:18,890.56,890.83
2017-04-13 09:52:19,890.57,890.99
2017-04-13 09:52:20,890.85,890.99
2017-04-13 09:52:21,891.15,891.38
2017-04-13 09:52:22,891.0,891.37
2017-04-13 09:52:23,891.01,891.37
2017-04-13 09:52:24,891.0,891.37
2017-04-13 09:52:25,891.05,891.35
2017-04-13 09:52:26,891.05,891.34
2017-04-13 09:52:27,891.05,891.32
2017-04-13 09:52:28,891.05,891.34
2017-04-13 09:52:29,891.05,891.27
2017-04-13 09:52:30,891.05,891.24
2017-04-13 09:52:31,891.05,891.21
2017-04-13 09:52:32,890.65,891.2
2017-04-13 09:52:33,891.01,891.2
2017-04-13 09:52:34,891.0,891.2
2017-04-13 09:52:35,891.01,891.2
2017-04-13 09:52:36,891.0,891.2
2017-04-13 09:52:37,891.0,891.19
2017-04-13 09:52:38,891.0,891.19
2017-04-13 09:52:39,891.0,891.19
2017-04-13 09:52:40,891.0,891.18
2017-04-13 09:52:41,890.95,891.18
2017-04-13 09:52:42,890.95,891.18
2017-04-13 09:52:43,890.95,891.15
2017-04-13 09:52:44,890.96,891.14
2017-04-13 09:52:45,890.95,891.11
2017-04-13 09:52:46,891.02,891.17
2017-04-13 09:52:47,891.0,891.43
2017-04-13 09:52:48,891.11,891.43
2017-04-13 09:52:49,891.11,891.41
2017-04-13 09:52:50,891.11,891.41
2017-04-13 09:52:51,891.11,891.41
2017-04-13 09:52:52,891.11,891.41
2017-04-13 09:52:53,891.11,891.41
2017-04-13 09:52:54,891.11,891.41
2017-04-13 09:52:55,891.13,891.5
2017-04-13 09:52:56,891.18,891.49
2017-04-13 09:52:57,891.13,891.5
2017-04-13 09:52:58,891.13,891.5
2017-04-13 09:52:59,891.18,891.55
2017-04-13 09:53:00,891.18,891.55
2017-04-13 09:53:01,891.2,891.55
2017-04-13 09:53:02,891.25,891.55
2017-04-13 09:53:03,891.25,891.55
2017-04-13 09:53:04,891.25,891.55
2017-04-13 09:53:05,891.25,891.55
2017-04-13 09:53:06,891.25,891.55
2017-04-13 09:53:07,891.25,891.55
2017-04-13 09:53:08,891.2,891.54
2017-04-13 09:53:09,891.2,891.54
2017-04-13 09:53:10,891.2,891.38
2017-04-13 09:53:11,891.2,891.38
2017-04-13 09:53:12,891.2,891.38
2017-04-13 09:53:13,891.2,891.38
2017-04-13 09:53:14,891.2,891.38
2017-04-13 09:53:15,891.2,891.38
2017-04-13 09:53:16,891.2,891.38
2017-04-13 09:53:17,891.2,891.38
2017-04-13 09:53:18,891.2,891.38
2017-04-13 09:53:19,891.2,891.38
2017-04-13 09:53:20,891.2,891.38
2017-04-13 09:53:21,891.2,891.38
2017-04-13 09:53:22,891.2,891.38
2017-04-13 09:53:23,891.2,891.38
2017-04-13 09:53:24,891.11,891.37
2017-04-13 09:53:25,891.11,891.37
2017-04-13 09:53:26,891.11,891.37
2017-04-13 09:53:27,891.12,891.37
2017-04-13 09:53:28,891.12,891.37
2017-04-13 09:53:29,891.12,891.37
2017-04-13 09:53:30,891.12,891.37
2017-04-13 09:53:31,891.13,891.37
2017-04-13 09:53:32,891.12,891.37
2017-04-13 09:53:33,891.12,891.37
2017-04-13 09:53:34,891.12,891.54
2017-04-13 09:53:35,891.13,891.54
2017-04-13 09:53:36,891.02,891.54
2017-04-13 09:53:37,891.04,891.53
2017-04-13 09:53:38,891.04,891.53
2017-04-13 09:53:39,891.04,891.53
2017-04-13 09:53:40,891.1,891.49
2017-04-13 09:53:41,891.11,891.49
2017-04-13 09:53:42,891.02,891.49
2017-04-13 09:53:43,891.23,891.49
2017-04-13 09:53:44,891.23,891.49
2017-04-13 09:53:45,891.23,891.49
2017-04-13 09:53:46,891.26,891.5
2017-04-13 09:53:47,891.25,891.5
2017-04-13 09:53:48,891.25,891.5
2017-04-13 09:53:49,891.26,891.5
2017-04-13 09:53:50,891.26,891.5
2017-04-13 09:53:51,891.26,891.5
2017-04-13 09:53:52,891.26,891.5
2017-04-13 09:53:53,891.3,891.5
2017-04-13 09:53:54,891.33,891.5
2017-04-13 09:53:55,891.41,891.5
2017-04-13 09:53:56,891.4,891.5
2017-04-13 09:53:57,891.4,891.5
2017-04-13 09:53:58,891.4,891.5
2017-04-13 09:53:59,891.41,891.5
2017-04-13 09:54:00,891.53,891.7
2017-04-13 09:54:01,891.53,891.7
2017-04-13 09:54:02,891.53,891.75
2017-04-13 09:54:03,891.54,891.75
2017-04-13 09:54:04,891.56,891.75
2017-04-13 09:54:05,891.56,891.75
2017-04-13 09:54:06,891.59,891.75
2017-04-13 09:54:07,891.59,891.75
2017-04-13 09:54:08,891.64,891.75
2017-04-13 09:54:09,891.64,891.75
2017-04-13 09:54:10,891.64,891.75
2017-04-13 09:54:11,891.56,891.75
2017-04-13 09:54:12,891.3,891.49
2017-04-13 09:54:13,891.3,891.49
2017-04-13 09:54:14,891.3,891.49
2017-04-13 09:54:15,891.32,891.49
2017-04-13 09:54:16,891.32,891.49
2017-04-13 09:54:17,891.32,891.49
2017-04-13 09:54:18,891.34,891.49
2017-04-13 09:54:19,891.34,891.49
2017-04-13 09:54:20,891.34,891.49
2017-04-13 09:54:21,891.34,891.49
2017-04-13 09:54:22,891.25,891.34
2017-04-13 09:54:23,891.22,891.34
2017-04-13 09:54:24,891.0,891.34
2017-04-13 09:54:25,891.0,891.34
2017-04-13 09:54:26,891.05,891.34
2017-04-13 09:54:27,891.05,891.33
2017-04-13 09:54:28,891.0,891.32
2017-04-13 09:54:29,891.0,891.32
2017-04-13 09:54:30,891.0,891.32
2017-04-13 09:54:31,891.01,891.32
2017-04-13 09:54:32,891.0,891.33
2017-04-13 09:54:33,891.0,891.33
2017-04-13 09:54:34,891.0,891.33
2017-04-13 09:54:35,891.0,891.33
2017-04-13 09:54:36,891.0,891.33
2017-04-13 09:54:37,891.0,891.34
2017-04-13 09:54:38,891.0,891.34
2017-04-13 09:54:39,891.0,891.34
2017-04-13 09:54:40,891.13,891.34
2017-04-13 09:54:41,891.13,891.34
2017-04-13 09:54:42,891.13,891.34
2017-04-13 09:54:43,891.13,891.34
2017-04-13 09:54:44,891.13,891.34
2017-04-13 09:54:45,891.13,891.34
2017-04-13 09:54:46,891.14,891.34
2017-04-13 09:54:47,891.16,891.41
2017-04-13 09:54:48,891.16,891.41
2017-04-13 09:54:49,891.23,891.41
2017-04-13 09:54:50,891.2,891.47
2017-04-13 09:54:51,891.29,891.47
2017-04-13 09:54:52,891.36,891.68
2017-04-13 09:54:53,891.36,891.68
2017-04-13 09:54:54,891.36,891.68
2017-04-13 09:54:55,891.36,891.68
2017-04-13 09:54:56,891.49,891.67
2017-04-13 09:54:57,891.49,891.68
2017-04-13 09:54:58,891.61,891.98
2017-04-13 09:54:59,891.61,891.98
2017-04-13 09:55:00,891.61,891.98
2017-04-13 09:55:01,891.62,891.96
2017-04-13 09:55:02,891.62,891.94
2017-04-13 09:55:03,891.61,891.94
2017-04-13 09:55:04,891.61,891.92
2017-04-13 09:55:05,891.61,891.92
2017-04-13 09:55:06,891.61,891.92
2017-04-13 09:55:07,891.61,891.92
2017-04-13 09:55:08,891.62,891.92
2017-04-13 09:55:09,891.61,891.92
2017-04-13 09:55:10,891.61,891.92
2017-04-13 09:55:11,891.61,891.92
2017-04-13 09:55:12,891.61,891.92
2017-04-13 09:55:13,891.61,891.92
2017-04-13 09:55:14,891.61,891.92
2017-04-13 09:55:15,891.61,891.92
2017-04-13 09:55:16,891.61,891.92
2017-04-13 09:55:17,891.61,891.92
2017-04-13 09:55:18,891.61,891.92
2017-04-13 09:55:19,891.64,891.92
2017-04-13 09:55:20,891.66,891.92
2017-04-13 09:55:21,891.72,891.92
2017-04-13 09:55:22,891.72,891.9
2017-04-13 09:55:23,891.72,891.9
2017-04-13 09:55:24,891.76,891.9
2017-04-13 09:55:25,891.76,891.9
2017-04-13 09:55:26,891.76,891.9
2017-04-13 09:55:27,891.55,891.9
2017-04-13 09:55:28,891.55,891.9
2017-04-13 09:55:29,891.55,891.9
2017-04-13 09:55:30,891.55,891.9
2017-04-13 09:55:31,891.55,891.9
2017-04-13 09:55:32,891.55,891.9
2017-04-13 09:55:33,891.55,891.9
2017-04-13 09:55:34,891.56,891.9
2017-04-13 09:55:35,891.56,891.9
2017-04-13 09:55:36,891.56,891.9
2017-04-13 09:55:37,891.56,891.9
2017-04-13 09:55:38,891.56,891.9
2017-04-13 09:55:39,891.67,891.9
2017-04-13 09:55:40,891.67,891.9
2017-04-13 09:55:41,891.67,891.9
2017-04-13 09:55:42,891.66,891.9
2017-04-13 09:55:43,891.66,891.9
2017-04-13 09:55:44,891.66,891.9
2017-04-13 09:55:45,892.05,892.27
2017-04-13 09:55:46,892.06,892.27
2017-04-13 09:55:47,891.68,892.26
2017-04-13 09:55:48,891.8,892.26
2017-04-13 09:55:49,891.69,892.26
2017-04-13 09:55:50,891.68,892.26
2017-04-13 09:55:51,891.73,892.26
2017-04-13 09:55:52,891.75,892.26
2017-04-13 09:55:53,891.75,892.26
2017-04-13 09:55:54,891.75,892.26
2017-04-13 09:55:55,891.75,892.26
2017-04-13 09:55:56,891.75,892.26
2017-04-13 09:55:57,891.75,892.26
2017-04-13 09:55:58,891.75,892.26
2017-04-13 09:55:59,891.75,892.26
2017-04-13 09:56:00,891.77,892.26
2017-04-13 09:56:01,892.03,892.26
2017-04-13 09:56:02,892.03,892.26
2017-04-13 09:56:03,892.02,892.26
2017-04-13 09:56:04,892.02,892.26
2017-04-13 09:56:05,892.02,892.26
2017-04-13 09:56:06,892.02,892.26
2017-04-13 09:56:07,892.02,892.26
2017-04-13 09:56:08,892.02,892.26
2017-04-13 09:56:09,892.02,892.26
2017-04-13 09:56:10,892.02,892.26
2017-04-13 09:56:11,892.02,892.26
2017-04-13 09:56:12,892.02,892.26
2017-04-13 09:56:13,892.02,892.26
2017-04-13 09:56:14,892.02,892.26
2017-04-13 09:56:15,892.02,892.26
2017-04-13 09:56:16,892.02,892.16
2017-04-13 09:56:17,891.95,892.16
2017-04-13 09:56:18,891.85,892.16
2017-04-13 09:56:19,891.85,892.16
2017-04-13 09:56:20,891.71,892.16
2017-04-13 09:56:21,891.71,892.16
2017-04-13 09:56:22,891.71,892.16
2017-04-13 09:56:23,891.75,892.16
2017-04-13 09:56:24,891.76,892.16
2017-04-13 09:56:25,891.76,892.16
2017-04-13 09:56:26,891.77,892.16
2017-04-13 09:56:27,891.77,892.16
2017-04-13 09:56:28,891.77,892.16
2017-04-13 09:56:29,891.77,892.16
2017-04-13 09:56:30,891.77,892.15
2017-04-13 09:56:31,891.77,892.15
2017-04-13 09:56:32,891.77,892.15
2017-04-13 09:56:33,891.75,892.15
2017-04-13 09:56:34,891.84,892.15
2017-04-13 09:56:35,891.84,892.15
2017-04-13 09:56:36,891.84,892.15
2017-04-13 09:56:37,891.92,892.15
2017-04-13 09:56:38,892.03,892.15
2017-04-13 09:56:39,892.03,892.15
2017-04-13 09:56:40,891.88,892.15
2017-04-13 09:56:41,891.75,892.15
2017-04-13 09:56:42,891.75,892.15
2017-04-13 09:56:43,891.75,892.15
2017-04-13 09:56:44,891.75,892.15
2017-04-13 09:56:45,891.75,892.15
2017-04-13 09:56:46,891.75,892.15
2017-04-13 09:56:47,891.75,892.15
2017-04-13 09:56:48,891.75,892.15
2017-04-13 09:56:49,891.75,892.15
2017-04-13 09:56:50,891.76,892.15
2017-04-13 09:56:51,891.76,892.15
2017-04-13 09:56:52,891.76,892.15
2017-04-13 09:56:53,891.81,892.0
2017-04-13 09:56:54,891.82,892.0
2017-04-13 09:56:55,891.82,892.0
2017-04-13 09:56:56,891.82,892.0
2017-04-13 09:56:57,891.82,892.0
2017-04-13 09:56:58,891.82,892.0
2017-04-13 09:56:59,891.86,892.0
2017-04-13 09:57:00,891.82,892.0
2017-04-13 09:57:01,891.83,892.0
2017-04-13 09:57:02,891.83,892.0
2017-04-13 09:57:03,891.84,892.15
2017-04-13 09:57:04,891.87,892.15
2017-04-13 09:57:05,891.87,892.15
2017-04-13 09:57:06,892.0,892.15
2017-04-13 09:57:07,892.0,892.15
2017-04-13 09:57:08,892.0,892.15
2017-04-13 09:57:09,892.0,892.14
2017-04-13 09:57:10,892.0,892.14
2017-04-13 09:57:11,892.0,892.14
2017-04-13 09:57:12,892.04,892.17
2017-04-13 09:57:13,892.02,892.17
2017-04-13 09:57:14,892.02,892.17
2017-04-13 09:57:15,892.02,892.17
2017-04-13 09:57:16,892.06,892.3
2017-04-13 09:57:17,892.06,892.47
2017-04-13 09:57:18,892.06,892.47
2017-04-13 09:57:19,892.08,892.47
2017-04-13 09:57:20,892.08,892.46
2017-04-13 09:57:21,892.08,892.46
2017-04-13 09:57:22,892.09,892.46
2017-04-13 09:57:23,892.11,892.46
2017-04-13 09:57:24,892.13,892.46
2017-04-13 09:57:25,892.13,892.46
2017-04-13 09:57:26,892.16,892.46
2017-04-13 09:57:27,892.16,892.46
2017-04-13 09:57:28,892.17,892.46
2017-04-13 09:57:29,892.2,892.46
2017-04-13 09:57:30,892.25,892.47
2017-04-13 09:57:31,892.25,892.47
2017-04-13 09:57:32,892.25,892.47
2017-04-13 09:57:33,892.25,892.47
2017-04-13 09:57:34,892.25,892.47
2017-04-13 09:57:35,892.25,892.47
2017-04-13 09:57:36,892.35,892.47
2017-04-13 09:57:37,892.37,892.55
2017-04-13 09:57:38,892.41,892.55
2017-04-13 09:57:39,892.46,892.7
2017-04-13 09:57:40,892.45,892.7
2017-04-13 09:57:41,892.5,892.7
2017-04-13 09:57:42,892.5,892.7
2017-04-13 09:57:43,892.5,892.7
2017-04-13 09:57:44,892.5,892.7
2017-04-13 09:57:45,892.56,892.7
2017-04-13 09:57:46,892.55,892.7
2017-04-13 09:57:47,892.55,892.9
2017-04-13 09:57:48,892.55,892.89
2017-04-13 09:57:49,892.57,892.88
2017-04-13 09:57:50,892.58,892.88
2017-04-13 09:57:51,892.59,892.88
2017-04-13 09:57:52,892.6,892.89
2017-04-13 09:57:53,892.7,892.89
2017-04-13 09:57:54,892.7,892.89
2017-04-13 09:57:55,892.71,892.89
2017-04-13 09:57:56,892.71,892.89
2017-04-13 09:57:57,892.71,892.89
2017-04-13 09:57:58,892.74,892.89
2017-04-13 09:57:59,892.74,892.89
2017-04-13 09:58:00,892.74,892.89
2017-04-13 09:58:01,892.74,892.89
2017-04-13 09:58:02,892.74,892.89
2017-04-13 09:58:03,892.74,892.89
2017-04-13 09:58:04,892.55,892.74
2017-04-13 09:58:05,892.55,892.74
2017-04-13 09:58:06,892.55,892.74
2017-04-13 09:58:07,892.55,892.74
2017-04-13 09:58:08,892.55,892.74
2017-04-13 09:58:09,892.35,892.71
2017-04-13 09:58:10,892.55,892.74
2017-04-13 09:58:11,892.54,892.74
2017-04-13 09:58:12,892.54,892.74
2017-04-13 09:58:13,892.4,892.74
2017-04-13 09:58:14,892.4,892.74
2017-04-13 09:58:15,892.41,892.74
2017-04-13 09:58:16,892.42,892.89
2017-04-13 09:58:17,892.43,892.89
2017-04-13 09:58:18,892.43,892.89
2017-04-13 09:58:19,892.43,892.89
2017-04-13 09:58:20,892.43,892.88
2017-04-13 09:58:21,892.43,892.87
2017-04-13 09:58:22,892.43,892.87
2017-04-13 09:58:23,892.43,892.87
2017-04-13 09:58:24,892.44,892.87
2017-04-13 09:58:25,892.44,892.87
2017-04-13 09:58:26,892.57,892.87
2017-04-13 09:58:27,892.57,892.7
2017-04-13 09:58:28,892.57,892.7
2017-04-13 09:58:29,892.58,892.7
2017-04-13 09:58:30,892.58,892.7
2017-04-13 09:58:31,892.51,892.69
2017-04-13 09:58:32,892.51,892.69
2017-04-13 09:58:33,892.51,892.69
2017-04-13 09:58:34,892.43,892.68
2017-04-13 09:58:35,892.43,892.67
2017-04-13 09:58:36,892.4,892.68
2017-04-13 09:58:37,892.4,892.67
2017-04-13 09:58:38,892.4,892.67
2017-04-13 09:58:39,892.4,892.67
2017-04-13 09:58:40,892.4,892.51
2017-04-13 09:58:41,892.5,892.69
2017-04-13 09:58:42,892.5,892.69
2017-04-13 09:58:43,892.5,892.79
2017-04-13 09:58:44,892.58,892.74
2017-04-13 09:58:45,892.58,892.74
2017-04-13 09:58:46,892.58,892.74
2017-04-13 09:58:47,892.58,892.74
2017-04-13 09:58:48,892.61,892.87
2017-04-13 09:58:49,892.61,892.87
2017-04-13 09:58:50,892.61,892.87
2017-04-13 09:58:51,892.61,892.87
2017-04-13 09:58:52,892.61,892.87
2017-04-13 09:58:53,892.61,892.87
2017-04-13 09:58:54,892.6,892.87
2017-04-13 09:58:55,892.6,892.87
2017-04-13 09:58:56,892.65,892.87
2017-04-13 09:58:57,892.74,892.87
2017-04-13 09:58:58,892.74,892.87
2017-04-13 09:58:59,892.74,892.87
2017-04-13 09:59:00,892.74,892.87
2017-04-13 09:59:01,892.75,892.87
2017-04-13 09:59:02,892.75,892.9
2017-04-13 09:59:03,892.75,892.9
2017-04-13 09:59:04,892.74,892.9
2017-04-13 09:59:05,892.74,892.9
2017-04-13 09:59:06,892.74,892.9
2017-04-13 09:59:07,892.74,892.9
2017-04-13 09:59:08,892.74,892.9
2017-04-13 09:59:09,892.6,892.9
2017-04-13 09:59:10,892.6,892.9
2017-04-13 09:59:11,892.6,892.9
2017-04-13 09:59:12,892.6,892.9
2017-04-13 09:59:13,892.6,892.9
2017-04-13 09:59:14,892.6,892.9
2017-04-13 09:59:15,892.6,892.9
2017-04-13 09:59:16,892.6,892.9
2017-04-13 09:59:17,892.6,892.9
2017-04-13 09:59:18,892.6,892.89
2017-04-13 09:59:19,892.6,892.89
2017-04-13 09:59:20,892.6,892.89
2017-04-13 09:59:21,892.51,892.89
2017-04-13 09:59:22,892.4,892.85
2017-04-13 09:59:23,892.35,892.6
2017-04-13 09:59:24,892.3,892.6
2017-04-13 09:59:25,892.3,892.6
2017-04-13 09:59:26,892.3,892.6
2017-04-13 09:59:27,892.3,892.6
2017-04-13 09:59:28,892.3,892.6
2017-04-13 09:59:29,892.0,892.51
2017-04-13 09:59:30,892.0,892.51
2017-04-13 09:59:31,892.08,892.6
2017-04-13 09:59:32,892.12,892.6
2017-04-13 09:59:33,892.12,892.6
2017-04-13 09:59:34,892.12,892.6
2017-04-13 09:59:35,892.12,892.6
2017-04-13 09:59:36,892.12,892.6
2017-04-13 09:59:37,892.12,892.6
2017-04-13 09:59:38,892.12,892.6
2017-04-13 09:59:39,892.12,892.6
2017-04-13 09:59:40,892.12,892.6
2017-04-13 09:59:41,892.12,892.6
2017-04-13 09:59:42,892.12,892.6
2017-04-13 09:59:43,892.12,892.6
2017-04-13 09:59:44,892.12,892.6
2017-04-13 09:59:45,892.12,892.6
2017-04-13 09:59:46,892.12,892.6
2017-04-13 09:59:47,892.12,892.6
2017-04-13 09:59:48,892.12,892.6
2017-04-13 09:59:49,892.12,892.6
2017-04-13 09:59:50,892.12,892.6
2017-04-13 09:59:51,892.12,892.6
2017-04-13 09:59:52,892.12,892.6
2017-04-13 09:59:53,892.12,892.6
2017-04-13 09:59:54,892.12,892.6
2017-04-13 09:59:55,892.12,892.6
2017-04-13 09:59:56,892.36,892.6
2017-04-13 09:59:57,892.36,892.38
2017-04-13 09:59:58,892.15,892.38
2017-04-13 09:59:59,892.15,892.38
2017-04-13 10:00:00,892.15,892.38
2017-04-13 10:00:01,892.15,892.59
2017-04-13 10:00:02,892.32,892.59
2017-04-13 10:00:03,892.32,892.58
2017-04-13 10:00:04,892.32,892.58
2017-04-13 10:00:05,892.32,892.57
2017-04-13 10:00:06,892.58,892.85
2017-04-13 10:00:07,892.58,892.88
2017-04-13 10:00:08,892.59,892.88
2017-04-13 10:00:09,892.59,892.88
2017-04-13 10:00:10,892.59,892.88
2017-04-13 10:00:11,892.59,892.9
2017-04-13 10:00:12,892.59,892.9
2017-04-13 10:00:13,892.59,892.9
2017-04-13 10:00:14,892.61,892.9
2017-04-13 10:00:15,892.6,892.9
2017-04-13 10:00:16,892.65,892.94
2017-04-13 10:00:17,892.65,892.94
2017-04-13 10:00:18,892.65,892.93
2017-04-13 10:00:19,892.8,892.93
2017-04-13 10:00:20,892.8,892.92
2017-04-13 10:00:21,892.8,892.92
2017-04-13 10:00:22,892.8,892.92
2017-04-13 10:00:23,892.8,892.92
2017-04-13 10:00:24,892.65,892.92
2017-04-13 10:00:25,892.65,892.92
2017-04-13 10:00:26,892.65,892.93
2017-04-13 10:00:27,892.73,892.93
2017-04-13 10:00:28,892.73,892.93
2017-04-13 10:00:29,892.73,892.93
2017-04-13 10:00:30,892.73,892.93
2017-04-13 10:00:31,892.95,893.24
2017-04-13 10:00:32,892.95,893.25
2017-04-13 10:00:33,893.07,893.49
2017-04-13 10:00:34,893.08,893.48
2017-04-13 10:00:35,893.07,893.46
2017-04-13 10:00:36,893.07,893.45
2017-04-13 10:00:37,893.08,893.45
2017-04-13 10:00:38,893.08,893.48
2017-04-13 10:00:39,893.07,893.5
2017-04-13 10:00:40,893.07,893.5
2017-04-13 10:00:41,893.14,893.45
2017-04-13 10:00:42,893.14,893.45
2017-04-13 10:00:43,893.14,893.45
2017-04-13 10:00:44,893.14,893.45
2017-04-13 10:00:45,893.2,893.5
2017-04-13 10:00:46,893.2,893.5
2017-04-13 10:00:47,893.2,893.5
2017-04-13 10:00:48,893.2,893.5
2017-04-13 10:00:49,893.26,893.5
2017-04-13 10:00:50,893.26,893.5
2017-04-13 10:00:51,893.26,893.5
2017-04-13 10:00:52,893.26,893.5
2017-04-13 10:00:53,893.26,893.5
2017-04-13 10:00:54,893.26,893.5
2017-04-13 10:00:55,893.26,893.5
2017-04-13 10:00:56,893.26,893.5
2017-04-13 10:00:57,893.26,893.5
2017-04-13 10:00:58,893.26,893.5
2017-04-13 10:00:59,893.26,893.5
2017-04-13 10:01:00,893.26,893.5
2017-04-13 10:01:01,893.26,893.5
2017-04-13 10:01:02,893.27,893.61
2017-04-13 10:01:03,893.27,893.61
2017-04-13 10:01:04,893.29,893.61
2017-04-13 10:01:05,893.35,893.8
2017-04-13 10:01:06,893.35,893.8
2017-04-13 10:01:07,893.35,893.8
2017-04-13 10:01:08,893.36,893.8
2017-04-13 10:01:09,893.38,893.8
2017-04-13 10:01:10,893.46,893.8
2017-04-13 10:01:11,893.46,893.8
2017-04-13 10:01:12,893.51,893.8
2017-04-13 10:01:13,893.66,893.8
2017-04-13 10:01:14,893.57,893.8
2017-04-13 10:01:15,893.57,893.8
2017-04-13 10:01:16,893.57,893.8
2017-04-13 10:01:17,893.57,893.8
2017-04-13 10:01:18,893.57,893.8
2017-04-13 10:01:19,893.57,893.8
2017-04-13 10:01:20,893.57,893.82
2017-04-13 10:01:21,893.58,893.82
2017-04-13 10:01:22,893.6,893.82
2017-04-13 10:01:23,893.6,893.82
2017-04-13 10:01:24,893.68,893.9
2017-04-13 10:01:25,893.77,893.95
2017-04-13 10:01:26,893.8,893.95
2017-04-13 10:01:27,893.82,894.0
2017-04-13 10:01:28,893.82,894.0
2017-04-13 10:01:29,893.82,894.0
2017-04-13 10:01:30,893.83,894.21
2017-04-13 10:01:31,893.82,894.1
2017-04-13 10:01:32,893.82,894.1
2017-04-13 10:01:33,893.82,894.22
2017-04-13 10:01:34,893.96,894.21
2017-04-13 10:01:35,893.97,894.33
2017-04-13 10:01:36,893.97,894.33
2017-04-13 10:01:37,893.98,894.33
2017-04-13 10:01:38,894.02,894.32
2017-04-13 10:01:39,893.96,894.3
2017-04-13 10:01:40,893.97,894.31
2017-04-13 10:01:41,893.97,894.31
2017-04-13 10:01:42,893.97,894.31
2017-04-13 10:01:43,893.97,894.31
2017-04-13 10:01:44,893.97,894.31
2017-04-13 10:01:45,894.1,894.31
2017-04-13 10:01:46,894.1,894.31
2017-04-13 10:01:47,894.1,894.2
2017-04-13 10:01:48,894.1,894.2
2017-04-13 10:01:49,894.1,894.21
2017-04-13 10:01:50,893.99,894.2
2017-04-13 10:01:51,894.0,894.2
2017-04-13 10:01:52,894.06,894.21
2017-04-13 10:01:53,894.16,894.31
2017-04-13 10:01:54,894.16,894.31
2017-04-13 10:01:55,893.99,894.31
2017-04-13 10:01:56,894.01,894.31
2017-04-13 10:01:57,894.03,894.31
2017-04-13 10:01:58,894.03,894.31
2017-04-13 10:01:59,893.99,894.31
2017-04-13 10:02:00,893.99,894.31
2017-04-13 10:02:01,894.01,894.34
2017-04-13 10:02:02,894.01,894.34
2017-04-13 10:02:03,894.21,894.49
2017-04-13 10:02:04,894.29,894.59
2017-04-13 10:02:05,894.31,894.59
2017-04-13 10:02:06,894.4,894.58
2017-04-13 10:02:07,894.44,894.59
2017-04-13 10:02:08,894.4,894.64
2017-04-13 10:02:09,894.53,894.84
2017-04-13 10:02:10,894.57,894.84
2017-04-13 10:02:11,894.69,894.87
2017-04-13 10:02:12,894.76,894.93
2017-04-13 10:02:13,894.54,894.93
2017-04-13 10:02:14,894.63,894.91
2017-04-13 10:02:15,894.63,894.91
2017-04-13 10:02:16,894.63,894.91
2017-04-13 10:02:17,894.63,894.91
2017-04-13 10:02:18,894.63,894.91
2017-04-13 10:02:19,894.63,894.81
2017-04-13 10:02:20,894.63,894.91
2017-04-13 10:02:21,894.63,894.92
2017-04-13 10:02:22,894.64,894.91
2017-04-13 10:02:23,894.63,894.9
2017-04-13 10:02:24,894.63,894.9
2017-04-13 10:02:25,894.38,894.8
2017-04-13 10:02:26,894.38,894.79
2017-04-13 10:02:27,894.39,894.64
2017-04-13 10:02:28,894.5,894.64
2017-04-13 10:02:29,894.5,894.66
2017-04-13 10:02:30,894.5,894.65
2017-04-13 10:02:31,894.39,894.65
2017-04-13 10:02:32,894.39,894.65
2017-04-13 10:02:33,894.39,894.64
2017-04-13 10:02:34,894.25,894.39
2017-04-13 10:02:35,894.25,894.39
2017-04-13 10:02:36,894.25,894.39
2017-04-13 10:02:37,894.17,894.38
2017-04-13 10:02:38,894.17,894.38
2017-04-13 10:02:39,894.17,894.38
2017-04-13 10:02:40,894.17,894.37
2017-04-13 10:02:41,894.17,894.36
2017-04-13 10:02:42,894.17,894.36
2017-04-13 10:02:43,894.19,894.35
2017-04-13 10:02:44,894.22,894.39
2017-04-13 10:02:45,894.22,894.65
2017-04-13 10:02:46,894.22,894.65
2017-04-13 10:02:47,894.22,894.41
2017-04-13 10:02:48,894.23,894.46
2017-04-13 10:02:49,894.25,894.41
2017-04-13 10:02:50,894.22,894.41
2017-04-13 10:02:51,894.25,894.38
2017-04-13 10:02:52,894.26,894.41
2017-04-13 10:02:53,894.26,894.41
2017-04-13 10:02:54,894.26,894.41
2017-04-13 10:02:55,894.26,894.41
2017-04-13 10:02:56,894.26,894.4
2017-04-13 10:02:57,894.26,894.4
2017-04-13 10:02:58,894.26,894.4
2017-04-13 10:02:59,894.27,894.48
2017-04-13 10:03:00,894.26,894.48
2017-04-13 10:03:01,894.27,894.48
2017-04-13 10:03:02,894.26,894.48
2017-04-13 10:03:03,894.28,894.48
2017-04-13 10:03:04,894.28,894.48
2017-04-13 10:03:05,894.29,894.48
2017-04-13 10:03:06,894.29,894.48
2017-04-13 10:03:07,894.21,894.47
2017-04-13 10:03:08,894.21,894.47
2017-04-13 10:03:09,894.21,894.47
2017-04-13 10:03:10,894.09,894.46
2017-04-13 10:03:11,894.09,894.28
2017-04-13 10:03:12,894.09,894.28
2017-04-13 10:03:13,894.1,894.28
2017-04-13 10:03:14,894.1,894.28
2017-04-13 10:03:15,894.1,894.28
2017-04-13 10:03:16,894.1,894.28
2017-04-13 10:03:17,894.1,894.28
2017-04-13 10:03:18,894.1,894.27
2017-04-13 10:03:19,894.1,894.27
2017-04-13 10:03:20,894.1,894.26
2017-04-13 10:03:21,893.85,893.99
2017-04-13 10:03:22,893.85,893.99
2017-04-13 10:03:23,893.85,893.99
2017-04-13 10:03:24,893.85,893.98
2017-04-13 10:03:25,893.86,893.99
2017-04-13 10:03:26,893.7,893.97
2017-04-13 10:03:27,893.6,893.99
2017-04-13 10:03:28,893.63,893.99
2017-04-13 10:03:29,893.63,893.98
2017-04-13 10:03:30,893.63,893.99
2017-04-13 10:03:31,893.77,893.99
2017-04-13 10:03:32,893.78,893.99
2017-04-13 10:03:33,893.79,894.0
2017-04-13 10:03:34,893.79,894.0
2017-04-13 10:03:35,893.79,894.0
2017-04-13 10:03:36,893.79,894.0
2017-04-13 10:03:37,893.79,894.0
2017-04-13 10:03:38,893.78,893.99
2017-04-13 10:03:39,893.82,893.99
2017-04-13 10:03:40,893.82,893.99
2017-04-13 10:03:41,893.93,894.25
2017-04-13 10:03:42,893.93,894.25
2017-04-13 10:03:43,893.94,894.25
2017-04-13 10:03:44,893.94,894.25
2017-04-13 10:03:45,894.01,894.24
2017-04-13 10:03:46,894.02,894.23
2017-04-13 10:03:47,894.0,894.23
2017-04-13 10:03:48,894.0,894.23
2017-04-13 10:03:49,893.78,894.22
2017-04-13 10:03:50,893.78,894.22
2017-04-13 10:03:51,893.7,894.22
2017-04-13 10:03:52,893.7,894.22
2017-04-13 10:03:53,893.6,894.22
2017-04-13 10:03:54,893.6,894.22
2017-04-13 10:03:55,893.62,894.1
2017-04-13 10:03:56,893.6,894.1
2017-04-13 10:03:57,893.6,894.1
2017-04-13 10:03:58,893.63,894.1
2017-04-13 10:03:59,893.66,894.1
2017-04-13 10:04:00,893.6,894.07
2017-04-13 10:04:01,893.6,894.07
2017-04-13 10:04:02,893.6,894.07
2017-04-13 10:04:03,893.62,894.05
2017-04-13 10:04:04,893.35,894.0
2017-04-13 10:04:05,893.35,894.0
2017-04-13 10:04:06,893.36,893.99
2017-04-13 10:04:07,893.39,893.99
2017-04-13 10:04:08,893.39,893.99
2017-04-13 10:04:09,893.41,893.99
2017-04-13 10:04:10,893.39,893.69
2017-04-13 10:04:11,893.35,893.7
2017-04-13 10:04:12,893.51,893.7
2017-04-13 10:04:13,893.53,893.69
2017-04-13 10:04:14,893.5,893.69
2017-04-13 10:04:15,893.5,893.69
2017-04-13 10:04:16,893.05,893.49
2017-04-13 10:04:17,893.05,893.49
2017-04-13 10:04:18,893.06,893.49
2017-04-13 10:04:19,893.07,893.48
2017-04-13 10:04:20,893.07,893.48
2017-04-13 10:04:21,893.07,893.48
2017-04-13 10:04:22,893.07,893.48
2017-04-13 10:04:23,893.0,893.47
2017-04-13 10:04:24,893.0,893.47
2017-04-13 10:04:25,893.01,893.47
2017-04-13 10:04:26,893.01,893.47
2017-04-13 10:04:27,893.01,893.47
2017-04-13 10:04:28,893.01,893.46
2017-04-13 10:04:29,893.01,893.46
2017-04-13 10:04:30,893.01,893.46
2017-04-13 10:04:31,893.06,893.46
2017-04-13 10:04:32,893.05,893.45
2017-04-13 10:04:33,893.11,893.45
2017-04-13 10:04:34,893.16,893.44
2017-04-13 10:04:35,893.13,893.44
2017-04-13 10:04:36,893.13,893.44
2017-04-13 10:04:37,893.1,893.44
2017-04-13 10:04:38,893.1,893.44
2017-04-13 10:04:39,893.1,893.44
2017-04-13 10:04:40,893.1,893.43
2017-04-13 10:04:41,893.1,893.44
2017-04-13 10:04:42,893.12,893.44
2017-04-13 10:04:43,893.12,893.44
2017-04-13 10:04:44,893.13,893.44
2017-04-13 10:04:45,893.14,893.44
2017-04-13 10:04:46,893.18,893.44
2017-04-13 10:04:47,893.2,893.44
2017-04-13 10:04:48,893.23,893.44
2017-04-13 10:04:49,893.25,893.44
2017-04-13 10:04:50,893.15,893.47
2017-04-13 10:04:51,893.16,893.46
2017-04-13 10:04:52,893.16,893.46
2017-04-13 10:04:53,893.21,893.83
2017-04-13 10:04:54,893.21,893.83
2017-04-13 10:04:55,893.24,893.82
2017-04-13 10:04:56,893.24,893.82
2017-04-13 10:04:57,893.25,893.82
2017-04-13 10:04:58,893.25,893.81
2017-04-13 10:04:59,893.25,893.81
2017-04-13 10:05:00,893.25,893.81
2017-04-13 10:05:01,893.25,893.8
2017-04-13 10:05:02,893.25,893.8
2017-04-13 10:05:03,893.25,893.8
2017-04-13 10:05:04,893.24,893.8
2017-04-13 10:05:05,893.24,893.8
2017-04-13 10:05:06,893.24,893.8
2017-04-13 10:05:07,893.24,893.8
2017-04-13 10:05:08,893.24,893.6
2017-04-13 10:05:09,893.33,893.59
2017-04-13 10:05:10,893.34,893.59
2017-04-13 10:05:11,893.34,893.59
2017-04-13 10:05:12,893.34,893.59
2017-04-13 10:05:13,893.34,893.59
2017-04-13 10:05:14,893.34,893.59
2017-04-13 10:05:15,893.34,893.59
2017-04-13 10:05:16,893.34,893.59
2017-04-13 10:05:17,893.34,893.59
2017-04-13 10:05:18,893.24,893.58
2017-04-13 10:05:19,893.24,893.58
2017-04-13 10:05:20,893.24,893.58
2017-04-13 10:05:21,893.24,893.58
2017-04-13 10:05:22,893.24,893.58
2017-04-13 10:05:23,893.19,893.58
2017-04-13 10:05:24,893.19,893.58
2017-04-13 10:05:25,893.15,893.58
2017-04-13 10:05:26,893.15,893.45
2017-04-13 10:05:27,893.15,893.53
2017-04-13 10:05:28,893.15,893.52
2017-04-13 10:05:29,893.15,893.52
2017-04-13 10:05:30,893.2,893.52
2017-04-13 10:05:31,893.1,893.52
2017-04-13 10:05:32,893.2,893.51
2017-04-13 10:05:33,893.18,893.51
2017-04-13 10:05:34,893.18,893.51
2017-04-13 10:05:35,893.18,893.51
2017-04-13 10:05:36,893.18,893.51
2017-04-13 10:05:37,893.18,893.51
2017-04-13 10:05:38,893.18,893.51
2017-04-13 10:05:39,893.2,893.51
2017-04-13 10:05:40,893.2,893.51
2017-04-13 10:05:41,893.28,893.5
2017-04-13 10:05:42,893.28,893.5
2017-04-13 10:05:43,893.28,893.5
2017-04-13 10:05:44,893.29,893.49
2017-04-13 10:05:45,893.3,893.49
2017-04-13 10:05:46,893.31,893.5
2017-04-13 10:05:47,893.52,893.73
2017-04-13 10:05:48,893.52,893.73
2017-04-13 10:05:49,893.52,893.73
2017-04-13 10:05:50,893.52,893.65
2017-04-13 10:05:51,893.33,893.65
2017-04-13 10:05:52,893.34,893.65
2017-04-13 10:05:53,893.34,893.65
2017-04-13 10:05:54,893.34,893.65
2017-04-13 10:05:55,893.34,893.62
2017-04-13 10:05:56,893.34,893.62
2017-04-13 10:05:57,893.34,893.57
2017-04-13 10:05:58,893.35,893.57
2017-04-13 10:05:59,893.35,893.57
2017-04-13 10:06:00,893.35,893.57
2017-04-13 10:06:01,893.35,893.57
2017-04-13 10:06:02,893.35,893.57
2017-04-13 10:06:03,893.35,893.57
2017-04-13 10:06:04,893.35,893.62
2017-04-13 10:06:05,893.35,893.62
2017-04-13 10:06:06,893.35,893.62
2017-04-13 10:06:07,893.35,893.62
2017-04-13 10:06:08,893.36,893.62
2017-04-13 10:06:09,893.35,893.62
2017-04-13 10:06:10,893.35,893.62
2017-04-13 10:06:11,893.35,893.62
2017-04-13 10:06:12,893.35,893.62
2017-04-13 10:06:13,893.35,893.62
2017-04-13 10:06:14,893.35,893.61
2017-04-13 10:06:15,893.35,893.6
2017-04-13 10:06:16,893.35,893.6
2017-04-13 10:06:17,893.35,893.6
2017-04-13 10:06:18,893.35,893.6
2017-04-13 10:06:19,893.35,893.6
2017-04-13 10:06:20,893.35,893.6
2017-04-13 10:06:21,893.35,893.6
2017-04-13 10:06:22,893.36,893.61
2017-04-13 10:06:23,893.72,894.03
2017-04-13 10:06:24,893.72,894.02
2017-04-13 10:06:25,893.73,894.02
2017-04-13 10:06:26,893.72,893.9
2017-04-13 10:06:27,893.72,893.9
2017-04-13 10:06:28,893.72,893.9
2017-04-13 10:06:29,893.72,893.89
2017-04-13 10:06:30,893.72,893.89
2017-04-13 10:06:31,893.72,893.89
2017-04-13 10:06:32,893.72,893.89
2017-04-13 10:06:33,893.72,893.89
2017-04-13 10:06:34,893.72,893.89
2017-04-13 10:06:35,893.82,894.0
2017-04-13 10:06:36,893.82,894.0
2017-04-13 10:06:37,893.82,894.0
2017-04-13 10:06:38,893.82,894.0
2017-04-13 10:06:39,893.83,894.0
2017-04-13 10:06:40,893.83,894.0
2017-04-13 10:06:41,893.84,894.0
2017-04-13 10:06:42,893.83,894.0
2017-04-13 10:06:43,893.87,894.0
2017-04-13 10:06:44,893.87,894.0
2017-04-13 10:06:45,893.87,894.0
2017-04-13 10:06:46,893.87,894.0
2017-04-13 10:06:47,893.83,893.99
2017-04-13 10:06:48,893.85,893.99
2017-04-13 10:06:49,893.85,893.99
2017-04-13 10:06:50,893.86,894.01
2017-04-13 10:06:51,893.87,894.2
2017-04-13 10:06:52,893.93,894.25
2017-04-13 10:06:53,893.95,894.25
2017-04-13 10:06:54,893.97,894.21
2017-04-13 10:06:55,893.98,894.23
2017-04-13 10:06:56,894.0,894.23
2017-04-13 10:06:57,894.0,894.23
2017-04-13 10:06:58,894.01,894.21
2017-04-13 10:06:59,894.01,894.21
2017-04-13 10:07:00,894.03,894.21
2017-04-13 10:07:01,893.97,894.2
2017-04-13 10:07:02,893.97,894.2
2017-04-13 10:07:03,893.91,894.2
2017-04-13 10:07:04,893.83,894.2
2017-04-13 10:07:05,893.82,894.19
2017-04-13 10:07:06,893.82,894.19
2017-04-13 10:07:07,893.82,894.19
2017-04-13 10:07:08,893.9,894.19
2017-04-13 10:07:09,893.9,894.17
2017-04-13 10:07:10,893.9,894.16
2017-04-13 10:07:11,893.9,894.16
2017-04-13 10:07:12,893.9,894.16
2017-04-13 10:07:13,893.9,894.0
2017-04-13 10:07:14,893.9,894.0
2017-04-13 10:07:15,893.9,894.0
2017-04-13 10:07:16,893.9,894.15
2017-04-13 10:07:17,893.9,894.15
2017-04-13 10:07:18,893.73,894.15
2017-04-13 10:07:19,893.73,894.14
2017-04-13 10:07:20,893.73,894.14
2017-04-13 10:07:21,893.73,894.14
2017-04-13 10:07:22,893.73,894.14
2017-04-13 10:07:23,893.63,894.13
2017-04-13 10:07:24,893.63,894.13
2017-04-13 10:07:25,893.64,894.13
2017-04-13 10:07:26,893.64,894.1
2017-04-13 10:07:27,893.65,894.09
2017-04-13 10:07:28,893.65,894.09
2017-04-13 10:07:29,893.65,894.09
2017-04-13 10:07:30,893.65,894.09
2017-04-13 10:07:31,893.65,894.09
2017-04-13 10:07:32,893.65,894.08
2017-04-13 10:07:33,893.65,894.08
2017-04-13 10:07:34,893.65,894.08
2017-04-13 10:07:35,893.65,894.08
2017-04-13 10:07:36,893.65,894.08
2017-04-13 10:07:37,893.65,893.99
2017-04-13 10:07:38,893.65,893.98
2017-04-13 10:07:39,893.65,893.98
2017-04-13 10:07:40,893.65,893.97
2017-04-13 10:07:41,893.65,893.96
2017-04-13 10:07:42,893.65,893.96
2017-04-13 10:07:43,893.65,893.94
2017-04-13 10:07:44,893.65,893.93
2017-04-13 10:07:45,893.65,893.92
2017-04-13 10:07:46,893.65,893.92
2017-04-13 10:07:47,893.65,893.92
2017-04-13 10:07:48,893.65,893.91
2017-04-13 10:07:49,893.65,893.9
2017-04-13 10:07:50,893.65,893.88
2017-04-13 10:07:51,893.65,893.88
2017-04-13 10:07:52,893.5,893.86
2017-04-13 10:07:53,893.28,893.79
2017-04-13 10:07:54,893.28,893.77
2017-04-13 10:07:55,893.28,893.77
2017-04-13 10:07:56,893.19,893.45
2017-04-13 10:07:57,893.19,893.42
2017-04-13 10:07:58,893.19,893.4
2017-04-13 10:07:59,893.19,893.39
2017-04-13 10:08:00,893.19,893.39
2017-04-13 10:08:01,893.19,893.39
2017-04-13 10:08:02,893.1,893.39
2017-04-13 10:08:03,893.08,893.39
2017-04-13 10:08:04,893.08,893.39
2017-04-13 10:08:05,893.08,893.28
2017-04-13 10:08:06,893.09,893.37
2017-04-13 10:08:07,893.08,893.36
2017-04-13 10:08:08,893.08,893.37
2017-04-13 10:08:09,893.08,893.37
2017-04-13 10:08:10,893.08,893.37
2017-04-13 10:08:11,893.08,893.36
2017-04-13 10:08:12,893.08,893.36
2017-04-13 10:08:13,893.08,893.36
2017-04-13 10:08:14,893.08,893.36
2017-04-13 10:08:15,893.08,893.36
2017-04-13 10:08:16,893.0,893.37
2017-04-13 10:08:17,892.93,893.36
2017-04-13 10:08:18,892.92,892.98
2017-04-13 10:08:19,892.9,892.98
2017-04-13 10:08:20,892.86,893.35
2017-04-13 10:08:21,892.86,893.35
2017-04-13 10:08:22,892.86,893.35
2017-04-13 10:08:23,892.86,893.35
2017-04-13 10:08:24,892.86,893.34
2017-04-13 10:08:25,892.87,893.23
2017-04-13 10:08:26,892.87,893.23
2017-04-13 10:08:27,892.86,893.23
2017-04-13 10:08:28,892.86,893.22
2017-04-13 10:08:29,892.86,893.22
2017-04-13 10:08:30,892.86,893.22
2017-04-13 10:08:31,892.86,893.22
2017-04-13 10:08:32,892.86,893.22
2017-04-13 10:08:33,892.86,893.22
2017-04-13 10:08:34,892.86,893.22
2017-04-13 10:08:35,892.86,893.21
2017-04-13 10:08:36,892.86,893.2
2017-04-13 10:08:37,892.86,893.2
2017-04-13 10:08:38,892.98,893.2
2017-04-13 10:08:39,892.98,893.22
2017-04-13 10:08:40,892.98,893.22
2017-04-13 10:08:41,892.98,893.21
2017-04-13 10:08:42,892.98,893.21
2017-04-13 10:08:43,892.98,893.22
2017-04-13 10:08:44,892.99,893.22
2017-04-13 10:08:45,892.98,893.22
2017-04-13 10:08:46,892.98,893.22
2017-04-13 10:08:47,892.98,893.22
2017-04-13 10:08:48,892.98,893.22
2017-04-13 10:08:49,892.99,893.22
2017-04-13 10:08:50,892.99,893.22
2017-04-13 10:08:51,893.01,893.22
2017-04-13 10:08:52,893.06,893.22
2017-04-13 10:08:53,893.11,893.22
2017-04-13 10:08:54,893.11,893.22
2017-04-13 10:08:55,893.11,893.22
2017-04-13 10:08:56,893.11,893.2
2017-04-13 10:08:57,892.99,893.19
2017-04-13 10:08:58,892.98,893.19
2017-04-13 10:08:59,893.0,893.19
2017-04-13 10:09:00,892.79,893.18
2017-04-13 10:09:01,892.79,893.19
2017-04-13 10:09:02,892.79,893.19
2017-04-13 10:09:03,892.79,893.17
2017-04-13 10:09:04,892.75,893.18
2017-04-13 10:09:05,892.75,893.17
2017-04-13 10:09:06,892.75,893.17
2017-04-13 10:09:07,892.81,893.17
2017-04-13 10:09:08,892.81,893.17
2017-04-13 10:09:09,892.75,893.16
2017-04-13 10:09:10,892.81,893.15
2017-04-13 10:09:11,892.81,893.14
2017-04-13 10:09:12,892.81,893.13
2017-04-13 10:09:13,892.81,893.13
2017-04-13 10:09:14,892.81,893.13
2017-04-13 10:09:15,892.81,893.13
2017-04-13 10:09:16,892.81,893.13
2017-04-13 10:09:17,892.81,893.13
2017-04-13 10:09:18,892.81,893.13
2017-04-13 10:09:19,892.5,892.71
2017-04-13 10:09:20,892.5,892.71
2017-04-13 10:09:21,892.5,892.71
2017-04-13 10:09:22,892.5,892.71
2017-04-13 10:09:23,892.5,892.71
2017-04-13 10:09:24,892.51,892.71
2017-04-13 10:09:25,892.53,892.71
2017-04-13 10:09:26,892.53,892.76
2017-04-13 10:09:27,892.73,892.93
2017-04-13 10:09:28,892.73,892.93
2017-04-13 10:09:29,892.73,892.93
2017-04-13 10:09:30,892.73,892.93
2017-04-13 10:09:31,892.76,893.17
2017-04-13 10:09:32,892.76,893.17
2017-04-13 10:09:33,892.77,893.17
2017-04-13 10:09:34,892.77,893.17
2017-04-13 10:09:35,892.53,893.05
2017-04-13 10:09:36,892.53,893.05
2017-04-13 10:09:37,892.53,893.05
2017-04-13 10:09:38,892.52,892.7
2017-04-13 10:09:39,892.52,892.7
2017-04-13 10:09:40,892.52,892.7
2017-04-13 10:09:41,892.52,892.7
2017-04-13 10:09:42,892.52,892.7
2017-04-13 10:09:43,892.52,892.7
2017-04-13 10:09:44,892.35,892.69
2017-04-13 10:09:45,892.35,892.69
2017-04-13 10:09:46,892.35,892.69
2017-04-13 10:09:47,892.35,892.69
2017-04-13 10:09:48,892.35,892.69
2017-04-13 10:09:49,892.35,892.69
2017-04-13 10:09:50,892.35,892.69
2017-04-13 10:09:51,892.35,892.68
2017-04-13 10:09:52,892.35,892.68
2017-04-13 10:09:53,892.35,892.68
2017-04-13 10:09:54,892.35,892.68
2017-04-13 10:09:55,892.35,892.67
2017-04-13 10:09:56,892.35,892.63
2017-04-13 10:09:57,892.35,892.63
2017-04-13 10:09:58,892.36,892.67
2017-04-13 10:09:59,892.36,892.67
2017-04-13 10:10:00,892.36,892.67
2017-04-13 10:10:01,892.36,892.67
2017-04-13 10:10:02,892.37,892.67
2017-04-13 10:10:03,892.35,892.62
2017-04-13 10:10:04,892.35,892.6
2017-04-13 10:10:05,892.35,892.6
2017-04-13 10:10:06,892.35,892.6
2017-04-13 10:10:07,892.36,892.6
2017-04-13 10:10:08,892.36,892.59
2017-04-13 10:10:09,892.36,892.59
2017-04-13 10:10:10,892.4,893.0
2017-04-13 10:10:11,892.4,892.99
2017-04-13 10:10:12,892.5,892.99
2017-04-13 10:10:13,892.5,892.99
2017-04-13 10:10:14,892.5,892.99
2017-04-13 10:10:15,892.5,892.93
2017-04-13 10:10:16,892.51,892.92
2017-04-13 10:10:17,892.51,892.92
2017-04-13 10:10:18,892.5,892.92
2017-04-13 10:10:19,892.5,892.92
2017-04-13 10:10:20,892.52,893.0
2017-04-13 10:10:21,892.52,893.0
2017-04-13 10:10:22,892.53,893.09
2017-04-13 10:10:23,892.53,893.09
2017-04-13 10:10:24,892.53,893.0
2017-04-13 10:10:25,892.53,892.99
2017-04-13 10:10:26,892.54,892.99
2017-04-13 10:10:27,892.55,892.99
2017-04-13 10:10:28,892.55,892.99
2017-04-13 10:10:29,892.55,892.96
2017-04-13 10:10:30,892.55,892.95
2017-04-13 10:10:31,892.85,893.0
2017-04-13 10:10:32,892.55,893.0
2017-04-13 10:10:33,892.55,893.0
2017-04-13 10:10:34,892.55,893.0
2017-04-13 10:10:35,892.56,893.0
2017-04-13 10:10:36,892.57,892.99
2017-04-13 10:10:37,892.56,893.0
2017-04-13 10:10:38,892.56,893.0
2017-04-13 10:10:39,892.56,893.0
2017-04-13 10:10:40,892.56,893.0
2017-04-13 10:10:41,892.56,892.98
2017-04-13 10:10:42,892.62,892.98
2017-04-13 10:10:43,892.62,892.98
2017-04-13 10:10:44,892.62,892.98
2017-04-13 10:10:45,892.62,892.98
2017-04-13 10:10:46,892.62,892.98
2017-04-13 10:10:47,892.62,892.98
2017-04-13 10:10:48,892.62,892.98
2017-04-13 10:10:49,892.62,892.98
2017-04-13 10:10:50,892.63,892.98
2017-04-13 10:10:51,892.63,892.98
2017-04-13 10:10:52,892.63,892.98
2017-04-13 10:10:53,892.63,892.98
2017-04-13 10:10:54,892.63,892.97
2017-04-13 10:10:55,892.62,892.97
2017-04-13 10:10:56,892.62,892.96
2017-04-13 10:10:57,892.62,892.96
2017-04-13 10:10:58,892.62,892.96
2017-04-13 10:10:59,892.62,892.94
2017-04-13 10:11:00,892.62,892.94
2017-04-13 10:11:01,892.62,892.94
2017-04-13 10:11:02,892.62,892.94
2017-04-13 10:11:03,892.63,892.93
2017-04-13 10:11:04,892.68,892.94
2017-04-13 10:11:05,892.68,892.94
2017-04-13 10:11:06,892.68,892.94
2017-04-13 10:11:07,892.68,892.94
2017-04-13 10:11:08,892.68,892.94
2017-04-13 10:11:09,892.7,892.94
2017-04-13 10:11:10,892.7,892.94
2017-04-13 10:11:11,892.7,892.94
2017-04-13 10:11:12,892.71,892.94
2017-04-13 10:11:13,892.71,892.94
2017-04-13 10:11:14,892.71,892.94
2017-04-13 10:11:15,892.71,892.94
2017-04-13 10:11:16,892.71,892.94
2017-04-13 10:11:17,892.71,892.94
2017-04-13 10:11:18,892.75,892.94
2017-04-13 10:11:19,892.78,892.98
2017-04-13 10:11:20,893.0,893.33
2017-04-13 10:11:21,893.0,893.33
2017-04-13 10:11:22,893.0,893.33
2017-04-13 10:11:23,893.0,893.33
2017-04-13 10:11:24,893.0,893.33
2017-04-13 10:11:25,893.0,893.33
2017-04-13 10:11:26,893.0,893.33
2017-04-13 10:11:27,893.0,893.33
2017-04-13 10:11:28,893.0,893.33
2017-04-13 10:11:29,893.01,893.33
2017-04-13 10:11:30,893.01,893.33
2017-04-13 10:11:31,893.01,893.33
2017-04-13 10:11:32,893.03,893.33
2017-04-13 10:11:33,893.04,893.33
2017-04-13 10:11:34,893.03,893.33
2017-04-13 10:11:35,893.04,893.32
2017-04-13 10:11:36,893.1,893.33
2017-04-13 10:11:37,893.11,893.33
2017-04-13 10:11:38,893.11,893.33
2017-04-13 10:11:39,893.11,893.33
2017-04-13 10:11:40,893.11,893.5
2017-04-13 10:11:41,893.11,893.52
2017-04-13 10:11:42,893.09,893.52
2017-04-13 10:11:43,893.09,893.52
2017-04-13 10:11:44,893.09,893.52
2017-04-13 10:11:45,893.09,893.51
2017-04-13 10:11:46,893.09,893.52
2017-04-13 10:11:47,893.09,893.51
2017-04-13 10:11:48,893.09,893.5
2017-04-13 10:11:49,893.2,893.5
2017-04-13 10:11:50,893.25,893.7
2017-04-13 10:11:51,893.25,893.69
2017-04-13 10:11:52,893.26,893.69
2017-04-13 10:11:53,893.26,893.69
2017-04-13 10:11:54,893.26,893.68
2017-04-13 10:11:55,893.26,893.6
2017-04-13 10:11:56,893.26,893.5
2017-04-13 10:11:57,893.31,893.57
2017-04-13 10:11:58,893.32,893.57
2017-04-13 10:11:59,893.32,893.57
2017-04-13 10:12:00,893.32,893.5
2017-04-13 10:12:01,893.32,893.5
2017-04-13 10:12:02,893.32,893.5
2017-04-13 10:12:03,893.32,893.5
2017-04-13 10:12:04,893.32,893.5
2017-04-13 10:12:05,893.32,893.5
2017-04-13 10:12:06,893.32,893.5
2017-04-13 10:12:07,893.32,893.5
2017-04-13 10:12:08,893.32,893.5
2017-04-13 10:12:09,893.32,893.5
2017-04-13 10:12:10,893.32,893.5
2017-04-13 10:12:11,893.32,893.5
2017-04-13 10:12:12,893.32,893.5
2017-04-13 10:12:13,893.32,893.5
2017-04-13 10:12:14,893.32,893.5
2017-04-13 10:12:15,893.32,893.5
2017-04-13 10:12:16,893.32,893.5
2017-04-13 10:12:17,893.32,893.5
2017-04-13 10:12:18,893.32,893.5
2017-04-13 10:12:19,893.32,893.5
2017-04-13 10:12:20,893.32,893.5
2017-04-13 10:12:21,893.32,893.5
2017-04-13 10:12:22,893.32,893.5
2017-04-13 10:12:23,893.32,893.5
2017-04-13 10:12:24,893.32,893.5
2017-04-13 10:12:25,893.33,893.49
2017-04-13 10:12:26,893.33,893.49
2017-04-13 10:12:27,893.33,893.49
2017-04-13 10:12:28,893.33,893.49
2017-04-13 10:12:29,893.34,893.49
2017-04-13 10:12:30,893.34,893.49
2017-04-13 10:12:31,893.34,893.49
2017-04-13 10:12:32,893.34,893.49
2017-04-13 10:12:33,893.39,893.94
2017-04-13 10:12:34,893.39,893.94
2017-04-13 10:12:35,893.41,893.94
2017-04-13 10:12:36,893.41,893.94
2017-04-13 10:12:37,893.42,893.94
2017-04-13 10:12:38,893.42,893.94
2017-04-13 10:12:39,893.43,893.94
2017-04-13 10:12:40,893.43,893.93
2017-04-13 10:12:41,893.44,893.93
2017-04-13 10:12:42,893.46,893.93
2017-04-13 10:12:43,893.46,893.93
2017-04-13 10:12:44,893.46,893.93
2017-04-13 10:12:45,893.46,893.93
2017-04-13 10:12:46,893.47,893.93
2017-04-13 10:12:47,893.47,893.93
2017-04-13 10:12:48,893.51,893.93
2017-04-13 10:12:49,893.51,893.93
2017-04-13 10:12:50,893.52,893.93
2017-04-13 10:12:51,893.52,893.92
2017-04-13 10:12:52,893.52,893.92
2017-04-13 10:12:53,893.52,893.79
2017-04-13 10:12:54,893.52,893.79
2017-04-13 10:12:55,893.52,893.79
2017-04-13 10:12:56,893.53,893.78
2017-04-13 10:12:57,893.53,893.78
2017-04-13 10:12:58,893.59,893.78
2017-04-13 10:12:59,893.59,893.79
2017-04-13 10:13:00,893.63,893.92
2017-04-13 10:13:01,893.63,893.92
2017-04-13 10:13:02,893.63,893.91
2017-04-13 10:13:03,893.64,893.91
2017-04-13 10:13:04,893.64,893.91
2017-04-13 10:13:05,893.55,893.91
2017-04-13 10:13:06,893.55,893.91
2017-04-13 10:13:07,893.55,893.91
2017-04-13 10:13:08,893.56,893.82
2017-04-13 10:13:09,893.55,893.84
2017-04-13 10:13:10,893.56,893.84
2017-04-13 10:13:11,893.58,893.89
2017-04-13 10:13:12,893.58,893.91
2017-04-13 10:13:13,893.58,893.91
2017-04-13 10:13:14,893.58,893.91
2017-04-13 10:13:15,893.58,893.91
2017-04-13 10:13:16,893.64,893.96
2017-04-13 10:13:17,893.64,893.96
2017-04-13 10:13:18,893.64,893.96
2017-04-13 10:13:19,893.64,893.96
2017-04-13 10:13:20,893.64,893.96
2017-04-13 10:13:21,893.64,893.95
2017-04-13 10:13:22,893.75,893.95
2017-04-13 10:13:23,893.75,894.0
2017-04-13 10:13:24,893.75,894.0
2017-04-13 10:13:25,893.75,894.0
2017-04-13 10:13:26,893.75,894.0
2017-04-13 10:13:27,893.75,894.0
2017-04-13 10:13:28,893.75,894.0
2017-04-13 10:13:29,893.75,894.0
2017-04-13 10:13:30,893.75,894.0
2017-04-13 10:13:31,893.79,894.0
2017-04-13 10:13:32,893.79,894.0
2017-04-13 10:13:33,893.79,893.97
2017-04-13 10:13:34,893.79,893.97
2017-04-13 10:13:35,893.79,894.0
2017-04-13 10:13:36,893.79,894.0
2017-04-13 10:13:37,893.8,894.0
2017-04-13 10:13:38,893.81,894.0
2017-04-13 10:13:39,893.81,894.0
2017-04-13 10:13:40,893.81,894.0
2017-04-13 10:13:41,893.81,894.0
2017-04-13 10:13:42,893.76,894.0
2017-04-13 10:13:43,893.75,893.97
2017-04-13 10:13:44,893.75,893.97
2017-04-13 10:13:45,893.75,893.96
2017-04-13 10:13:46,893.75,893.94
2017-04-13 10:13:47,893.75,893.93
2017-04-13 10:13:48,893.79,893.93
2017-04-13 10:13:49,893.79,893.93
2017-04-13 10:13:50,893.79,893.93
2017-04-13 10:13:51,893.79,893.93
2017-04-13 10:13:52,893.81,893.93
2017-04-13 10:13:53,893.75,893.91
2017-04-13 10:13:54,893.75,893.91
2017-04-13 10:13:55,893.72,893.93
2017-04-13 10:13:56,893.72,893.9
2017-04-13 10:13:57,893.58,893.86
2017-04-13 10:13:58,893.57,893.86
2017-04-13 10:13:59,893.57,893.86
2017-04-13 10:14:00,893.55,893.85
2017-04-13 10:14:01,893.55,893.85
2017-04-13 10:14:02,893.55,893.84
2017-04-13 10:14:03,893.33,893.83
2017-04-13 10:14:04,893.41,893.81
2017-04-13 10:14:05,893.43,893.89
2017-04-13 10:14:06,893.43,893.89
2017-04-13 10:14:07,893.45,893.88
2017-04-13 10:14:08,893.45,893.88
2017-04-13 10:14:09,893.45,893.88
2017-04-13 10:14:10,893.45,893.88
2017-04-13 10:14:11,893.41,893.87
2017-04-13 10:14:12,893.41,893.87
2017-04-13 10:14:13,893.44,893.87
2017-04-13 10:14:14,893.44,893.87
2017-04-13 10:14:15,893.48,893.8
2017-04-13 10:14:16,893.49,893.8
2017-04-13 10:14:17,893.49,893.8
2017-04-13 10:14:18,893.49,893.8
2017-04-13 10:14:19,893.5,893.79
2017-04-13 10:14:20,893.41,893.77
2017-04-13 10:14:21,893.41,893.77
2017-04-13 10:14:22,893.41,893.77
2017-04-13 10:14:23,893.41,893.77
2017-04-13 10:14:24,893.41,893.75
2017-04-13 10:14:25,893.41,893.75
2017-04-13 10:14:26,893.41,893.75
2017-04-13 10:14:27,893.46,893.74
2017-04-13 10:14:28,893.47,893.74
2017-04-13 10:14:29,893.47,893.74
2017-04-13 10:14:30,893.51,893.72
2017-04-13 10:14:31,893.52,893.72
2017-04-13 10:14:32,893.42,893.72
2017-04-13 10:14:33,893.41,893.71
2017-04-13 10:14:34,893.49,893.71
2017-04-13 10:14:35,893.49,893.71
2017-04-13 10:14:36,893.49,893.71
2017-04-13 10:14:37,893.5,893.71
2017-04-13 10:14:38,893.5,893.71
2017-04-13 10:14:39,893.51,893.69
2017-04-13 10:14:40,893.55,893.67
2017-04-13 10:14:41,893.55,893.67
2017-04-13 10:14:42,893.55,893.67
2017-04-13 10:14:43,893.56,893.8
2017-04-13 10:14:44,893.56,893.8
2017-04-13 10:14:45,893.56,893.8
2017-04-13 10:14:46,893.56,893.8
2017-04-13 10:14:47,893.56,893.8
2017-04-13 10:14:48,893.56,893.8
2017-04-13 10:14:49,893.56,893.94
2017-04-13 10:14:50,893.57,893.94
2017-04-13 10:14:51,893.57,893.94
2017-04-13 10:14:52,893.57,893.94
2017-04-13 10:14:53,893.57,893.94
2017-04-13 10:14:54,893.57,893.94
2017-04-13 10:14:55,893.57,893.94
2017-04-13 10:14:56,893.57,893.94
2017-04-13 10:14:57,893.57,893.94
2017-04-13 10:14:58,893.57,893.94
2017-04-13 10:14:59,893.57,893.75
2017-04-13 10:15:00,893.66,893.94
2017-04-13 10:15:01,893.01,893.54
2017-04-13 10:15:02,893.02,893.54
2017-04-13 10:15:03,893.02,893.54
2017-04-13 10:15:04,893.02,893.54
2017-04-13 10:15:05,893.02,893.44
2017-04-13 10:15:06,893.02,893.44
2017-04-13 10:15:07,893.02,893.44
2017-04-13 10:15:08,893.24,893.45
2017-04-13 10:15:09,893.24,893.45
2017-04-13 10:15:10,893.24,893.44
2017-04-13 10:15:11,893.24,893.38
2017-04-13 10:15:12,893.24,893.94
2017-04-13 10:15:13,893.25,893.94
2017-04-13 10:15:14,893.25,893.94
2017-04-13 10:15:15,893.25,893.87
2017-04-13 10:15:16,893.25,893.87
2017-04-13 10:15:17,893.25,893.54
2017-04-13 10:15:18,893.25,893.54
2017-04-13 10:15:19,893.25,893.54
2017-04-13 10:15:20,893.25,893.54
2017-04-13 10:15:21,893.25,893.54
2017-04-13 10:15:22,893.25,893.54
2017-04-13 10:15:23,893.25,893.54
2017-04-13 10:15:24,893.25,893.54
2017-04-13 10:15:25,893.04,893.54
2017-04-13 10:15:26,893.04,893.54
2017-04-13 10:15:27,893.04,893.54
2017-04-13 10:15:28,893.04,893.54
2017-04-13 10:15:29,893.04,893.54
2017-04-13 10:15:30,893.04,893.54
2017-04-13 10:15:31,893.04,893.54
2017-04-13 10:15:32,893.04,893.54
2017-04-13 10:15:33,893.04,893.54
2017-04-13 10:15:34,893.04,893.54
2017-04-13 10:15:35,893.04,893.49
2017-04-13 10:15:36,893.04,893.47
2017-04-13 10:15:37,893.04,893.47
2017-04-13 10:15:38,893.04,893.47
2017-04-13 10:15:39,893.04,893.47
2017-04-13 10:15:40,893.01,893.46
2017-04-13 10:15:41,893.0,893.46
2017-04-13 10:15:42,893.0,893.46
2017-04-13 10:15:43,893.01,893.45
2017-04-13 10:15:44,893.01,893.46
2017-04-13 10:15:45,893.01,893.45
2017-04-13 10:15:46,893.01,893.44
2017-04-13 10:15:47,893.01,893.44
2017-04-13 10:15:48,893.01,893.44
2017-04-13 10:15:49,893.01,893.43
2017-04-13 10:15:50,893.01,893.43
2017-04-13 10:15:51,893.04,893.43
2017-04-13 10:15:52,893.0,893.42
2017-04-13 10:15:53,893.0,893.42
2017-04-13 10:15:54,893.0,893.42
2017-04-13 10:15:55,893.0,893.42
2017-04-13 10:15:56,893.0,893.42
2017-04-13 10:15:57,893.0,893.42
2017-04-13 10:15:58,893.0,893.42
2017-04-13 10:15:59,893.0,893.42
2017-04-13 10:16:00,893.0,893.42
2017-04-13 10:16:01,893.0,893.42
2017-04-13 10:16:02,893.01,893.41
2017-04-13 10:16:03,893.0,893.41
2017-04-13 10:16:04,893.0,893.41
2017-04-13 10:16:05,893.0,893.41
2017-04-13 10:16:06,893.0,893.41
2017-04-13 10:16:07,893.15,893.41
2017-04-13 10:16:08,893.15,893.4
2017-04-13 10:16:09,893.15,893.4
2017-04-13 10:16:10,893.05,893.25
2017-04-13 10:16:11,893.05,893.25
2017-04-13 10:16:12,893.05,893.2
2017-04-13 10:16:13,893.06,893.25
2017-04-13 10:16:14,893.08,893.25
2017-04-13 10:16:15,893.08,893.25
2017-04-13 10:16:16,893.08,893.25
2017-04-13 10:16:17,893.08,893.25
2017-04-13 10:16:18,892.9,893.24
2017-04-13 10:16:19,893.06,893.07
2017-04-13 10:16:20,893.0,893.07
2017-04-13 10:16:21,893.0,893.07
2017-04-13 10:16:22,893.0,893.24
2017-04-13 10:16:23,893.0,893.24
2017-04-13 10:16:24,893.01,893.24
2017-04-13 10:16:25,893.01,893.24
2017-04-13 10:16:26,892.94,893.23
2017-04-13 10:16:27,892.94,893.23
2017-04-13 10:16:28,892.94,893.23
2017-04-13 10:16:29,892.85,893.22
2017-04-13 10:16:30,892.85,893.22
2017-04-13 10:16:31,892.85,893.22
2017-04-13 10:16:32,892.85,893.22
2017-04-13 10:16:33,892.94,893.22
2017-04-13 10:16:34,892.85,893.21
2017-04-13 10:16:35,892.75,893.21
2017-04-13 10:16:36,892.75,893.21
2017-04-13 10:16:37,892.75,893.21
2017-04-13 10:16:38,892.75,893.2
2017-04-13 10:16:39,892.75,893.19
2017-04-13 10:16:40,892.75,893.19
2017-04-13 10:16:41,892.75,893.18
2017-04-13 10:16:42,892.75,893.18
2017-04-13 10:16:43,892.75,893.18
2017-04-13 10:16:44,892.75,893.18
2017-04-13 10:16:45,892.75,893.17
2017-04-13 10:16:46,892.75,893.17
2017-04-13 10:16:47,892.75,893.17
2017-04-13 10:16:48,892.75,893.17
2017-04-13 10:16:49,892.75,893.17
2017-04-13 10:16:50,892.75,893.16
2017-04-13 10:16:51,892.75,893.16
2017-04-13 10:16:52,892.75,893.16
2017-04-13 10:16:53,892.75,893.16
2017-04-13 10:16:54,892.75,893.16
2017-04-13 10:16:55,892.76,893.15
2017-04-13 10:16:56,892.76,893.15
2017-04-13 10:16:57,892.76,893.15
2017-04-13 10:16:58,892.8,893.14
2017-04-13 10:16:59,892.8,893.14
2017-04-13 10:17:00,892.8,893.14
2017-04-13 10:17:01,892.8,893.14
2017-04-13 10:17:02,892.8,893.14
2017-04-13 10:17:03,892.91,893.14
2017-04-13 10:17:04,892.91,893.14
2017-04-13 10:17:05,892.91,893.14
2017-04-13 10:17:06,892.92,893.12
2017-04-13 10:17:07,892.92,893.12
2017-04-13 10:17:08,892.92,893.12
2017-04-13 10:17:09,892.92,893.12
2017-04-13 10:17:10,892.92,893.12
2017-04-13 10:17:11,892.92,893.12
2017-04-13 10:17:12,892.92,893.12
2017-04-13 10:17:13,893.02,893.12
2017-04-13 10:17:14,893.03,893.12
2017-04-13 10:17:15,893.02,893.12
2017-04-13 10:17:16,893.02,893.12
2017-04-13 10:17:17,893.02,893.12
2017-04-13 10:17:18,893.13,893.25
2017-04-13 10:17:19,893.13,893.25
2017-04-13 10:17:20,893.12,893.47
2017-04-13 10:17:21,893.12,893.46
2017-04-13 10:17:22,893.12,893.46
2017-04-13 10:17:23,893.12,893.46
2017-04-13 10:17:24,893.12,893.46
2017-04-13 10:17:25,893.12,893.46
2017-04-13 10:17:26,893.12,893.46
2017-04-13 10:17:27,893.27,893.5
2017-04-13 10:17:28,893.27,893.5
2017-04-13 10:17:29,893.27,893.5
2017-04-13 10:17:30,893.27,893.5
2017-04-13 10:17:31,893.29,893.5
2017-04-13 10:17:32,893.29,893.5
2017-04-13 10:17:33,893.29,893.5
2017-04-13 10:17:34,893.43,893.51
2017-04-13 10:17:35,893.43,893.51
2017-04-13 10:17:36,893.48,893.75
2017-04-13 10:17:37,893.48,893.75
2017-04-13 10:17:38,893.48,893.75
2017-04-13 10:17:39,893.48,893.63
2017-04-13 10:17:40,893.48,893.63
2017-04-13 10:17:41,893.55,893.63
2017-04-13 10:17:42,893.43,893.63
2017-04-13 10:17:43,893.43,893.63
2017-04-13 10:17:44,893.5,893.63
2017-04-13 10:17:45,893.38,893.63
2017-04-13 10:17:46,893.38,893.63
2017-04-13 10:17:47,893.38,893.6
2017-04-13 10:17:48,893.38,893.6
2017-04-13 10:17:49,893.43,893.6
2017-04-13 10:17:50,893.43,893.6
2017-04-13 10:17:51,893.44,893.63
2017-04-13 10:17:52,893.44,893.63
2017-04-13 10:17:53,893.44,893.63
2017-04-13 10:17:54,893.29,893.63
2017-04-13 10:17:55,893.29,893.63
2017-04-13 10:17:56,893.0,893.61
2017-04-13 10:17:57,893.01,893.61
2017-04-13 10:17:58,893.02,893.61
2017-04-13 10:17:59,893.11,893.61
2017-04-13 10:18:00,893.11,893.61
2017-04-13 10:18:01,893.15,893.6
2017-04-13 10:18:02,893.15,893.6
2017-04-13 10:18:03,893.15,893.59
2017-04-13 10:18:04,893.15,893.59
2017-04-13 10:18:05,893.16,893.59
2017-04-13 10:18:06,893.15,893.59
2017-04-13 10:18:07,893.15,893.57
2017-04-13 10:18:08,893.15,893.57
2017-04-13 10:18:09,893.15,893.57
2017-04-13 10:18:10,893.0,893.57
2017-04-13 10:18:11,893.0,893.57
2017-04-13 10:18:12,893.0,893.57
2017-04-13 10:18:13,893.0,893.57
2017-04-13 10:18:14,893.0,893.57
2017-04-13 10:18:15,893.0,893.57
2017-04-13 10:18:16,893.01,893.57
2017-04-13 10:18:17,893.01,893.57
2017-04-13 10:18:18,893.01,893.57
2017-04-13 10:18:19,893.03,893.57
2017-04-13 10:18:20,893.03,893.57
2017-04-13 10:18:21,893.03,893.57
2017-04-13 10:18:22,893.03,893.57
2017-04-13 10:18:23,893.03,893.57
2017-04-13 10:18:24,893.03,893.57
2017-04-13 10:18:25,893.03,893.57
2017-04-13 10:18:26,893.04,893.56
2017-04-13 10:18:27,893.09,893.56
2017-04-13 10:18:28,893.09,893.56
2017-04-13 10:18:29,893.1,893.55
2017-04-13 10:18:30,893.1,893.56
2017-04-13 10:18:31,893.1,893.55
2017-04-13 10:18:32,893.1,893.55
2017-04-13 10:18:33,893.1,893.5
2017-04-13 10:18:34,893.1,893.5
2017-04-13 10:18:35,893.11,893.49
2017-04-13 10:18:36,893.1,893.49
2017-04-13 10:18:37,893.11,893.49
2017-04-13 10:18:38,893.11,893.49
2017-04-13 10:18:39,893.11,893.49
2017-04-13 10:18:40,893.11,893.49
2017-04-13 10:18:41,893.11,893.49
2017-04-13 10:18:42,893.11,893.49
2017-04-13 10:18:43,893.11,893.49
2017-04-13 10:18:44,893.11,893.49
2017-04-13 10:18:45,893.26,893.48
2017-04-13 10:18:46,893.26,893.65
2017-04-13 10:18:47,893.26,893.65
2017-04-13 10:18:48,893.27,893.65
2017-04-13 10:18:49,893.31,893.65
2017-04-13 10:18:50,893.33,893.68
2017-04-13 10:18:51,893.33,893.68
2017-04-13 10:18:52,893.43,893.67
2017-04-13 10:18:53,893.43,893.73
2017-04-13 10:18:54,893.43,893.73
2017-04-13 10:18:55,893.44,893.73
2017-04-13 10:18:56,893.43,893.73
2017-04-13 10:18:57,893.43,893.73
2017-04-13 10:18:58,893.43,893.73
2017-04-13 10:18:59,893.44,893.73
2017-04-13 10:19:00,893.44,893.73
2017-04-13 10:19:01,893.44,893.73
2017-04-13 10:19:02,893.45,893.73
2017-04-13 10:19:03,893.44,893.73
2017-04-13 10:19:04,893.44,893.73
2017-04-13 10:19:05,893.51,893.73
2017-04-13 10:19:06,893.51,893.73
2017-04-13 10:19:07,893.51,893.73
2017-04-13 10:19:08,893.51,893.73
2017-04-13 10:19:09,893.51,893.73
2017-04-13 10:19:10,893.51,893.72
2017-04-13 10:19:11,893.51,893.72
2017-04-13 10:19:12,893.57,893.94
2017-04-13 10:19:13,893.57,893.94
2017-04-13 10:19:14,893.67,893.94
2017-04-13 10:19:15,893.67,893.94
2017-04-13 10:19:16,893.71,894.0
2017-04-13 10:19:17,893.71,894.0
2017-04-13 10:19:18,893.72,894.0
2017-04-13 10:19:19,893.72,894.0
2017-04-13 10:19:20,893.72,894.0
2017-04-13 10:19:21,893.81,894.07
2017-04-13 10:19:22,893.84,894.07
2017-04-13 10:19:23,893.83,894.07
2017-04-13 10:19:24,893.88,894.07
2017-04-13 10:19:25,893.72,894.07
2017-04-13 10:19:26,893.64,894.07
2017-04-13 10:19:27,893.63,894.07
2017-04-13 10:19:28,893.62,894.07
2017-04-13 10:19:29,893.61,894.07
2017-04-13 10:19:30,893.61,894.07
