datetime,direct.bid1,direct.ask1
2017-04-13 09:30:00,208.35,210.76
2017-04-13 09:30:01,209.3,209.4
2017-04-13 09:30:02,209.28,209.4
2017-04-13 09:30:03,209.3,209.4
2017-04-13 09:30:04,209.06,209.27
2017-04-13 09:30:05,209.06,209.27
2017-04-13 09:30:06,209.06,209.27
2017-04-13 09:30:07,209.0,209.27
2017-04-13 09:30:08,209.0,209.27
2017-04-13 09:30:09,209.01,209.27
2017-04-13 09:30:10,209.01,209.27
2017-04-13 09:30:11,209.02,209.26
2017-04-13 09:30:12,209.01,209.26
2017-04-13 09:30:13,209.02,209.26
2017-04-13 09:30:14,209.01,209.26
2017-04-13 09:30:15,209.01,209.26
2017-04-13 09:30:16,209.01,209.26
2017-04-13 09:30:17,209.01,209.26
2017-04-13 09:30:18,209.01,209.26
2017-04-13 09:30:19,209.01,209.26
2017-04-13 09:30:20,209.01,209.26
2017-04-13 09:30:21,209.01,209.26
2017-04-13 09:30:22,209.1,209.26
2017-04-13 09:30:23,209.11,209.26
2017-04-13 09:30:24,209.11,209.26
2017-04-13 09:30:25,209.11,209.26
2017-04-13 09:30:26,209.18,209.7
2017-04-13 09:30:27,209.18,209.7
2017-04-13 09:30:28,209.18,209.7
2017-04-13 09:30:29,209.18,209.7
2017-04-13 09:30:30,209.18,209.7
2017-04-13 09:30:31,209.19,209.7
2017-04-13 09:30:32,209.19,209.7
2017-04-13 09:30:33,209.19,209.69
2017-04-13 09:30:34,209.19,209.7
2017-04-13 09:30:35,209.19,209.7
2017-04-13 09:30:36,209.19,209.7
2017-04-13 09:30:37,209.19,209.69
2017-04-13 09:30:38,209.19,209.69
2017-04-13 09:30:39,209.31,209.69
2017-04-13 09:30:40,209.31,209.69
2017-04-13 09:30:41,209.31,209.69
2017-04-13 09:30:42,209.31,209.69
2017-04-13 09:30:43,209.31,209.69
2017-04-13 09:30:44,209.34,209.7
2017-04-13 09:30:45,209.34,209.7
2017-04-13 09:30:46,209.34,209.7
2017-04-13 09:30:47,209.34,209.7
2017-04-13 09:30:48,209.34,209.7
2017-04-13 09:30:49,209.29,209.62
2017-04-13 09:30:50,209.39,209.68
2017-04-13 09:30:51,209.39,209.68
2017-04-13 09:30:52,209.39,209.68
2017-04-13 09:30:53,209.39,209.68
2017-04-13 09:30:54,209.4,209.68
2017-04-13 09:30:55,209.4,209.68
2017-04-13 09:30:56,209.29,209.68
2017-04-13 09:30:57,209.29,209.68
2017-04-13 09:30:58,209.29,209.68
2017-04-13 09:30:59,209.29,209.68
2017-04-13 09:31:00,209.29,209.68
2017-04-13 09:31:01,209.46,209.67
2017-04-13 09:31:02,209.18,209.5
2017-04-13 09:31:03,209.18,209.56
2017-04-13 09:31:04,209.18,209.54
2017-04-13 09:31:05,209.01,209.33
2017-04-13 09:31:06,209.1,209.33
2017-04-13 09:31:07,209.1,209.33
2017-04-13 09:31:08,209.11,209.33
2017-04-13 09:31:09,209.11,209.33
2017-04-13 09:31:10,209.1,209.32
2017-04-13 09:31:11,209.1,209.32
2017-04-13 09:31:12,209.1,209.32
2017-04-13 09:31:13,209.1,209.32
2017-04-13 09:31:14,209.1,209.32
2017-04-13 09:31:15,209.1,209.32
2017-04-13 09:31:16,209.1,209.32
2017-04-13 09:31:17,209.1,209.32
2017-04-13 09:31:18,209.11,209.32
2017-04-13 09:31:19,209.29,209.67
2017-04-13 09:31:20,209.29,209.67
2017-04-13 09:31:21,209.3,209.48
2017-04-13 09:31:22,209.33,209.7
2017-04-13 09:31:23,209.33,209.7
2017-04-13 09:31:24,209.33,209.7
2017-04-13 09:31:25,209.33,209.7
2017-04-13 09:31:26,209.34,209.7
2017-04-13 09:31:27,209.34,209.7
2017-04-13 09:31:28,209.44,209.88
2017-04-13 09:31:29,209.44,209.88
2017-04-13 09:31:30,209.45,209.88
2017-04-13 09:31:31,209.7,209.88
2017-04-13 09:31:32,209.7,209.88
2017-04-13 09:31:33,209.72,210.0
2017-04-13 09:31:34,209.72,210.0
2017-04-13 09:31:35,209.65,210.0
2017-04-13 09:31:36,209.65,210.0
2017-04-13 09:31:37,209.65,210.0
2017-04-13 09:31:38,209.65,210.0
2017-04-13 09:31:39,209.65,210.0
2017-04-13 09:31:40,209.65,210.0
2017-04-13 09:31:41,209.65,210.0
2017-04-13 09:31:42,209.65,210.0
2017-04-13 09:31:43,209.65,210.0
2017-04-13 09:31:44,209.65,210.0
2017-04-13 09:31:45,209.65,210.0
2017-04-13 09:31:46,209.65,210.0
2017-04-13 09:31:47,209.65,210.0
2017-04-13 09:31:48,209.65,209.98
2017-04-13 09:31:49,209.65,209.98
2017-04-13 09:31:50,209.65,209.98
2017-04-13 09:31:51,209.65,209.98
2017-04-13 09:31:52,209.65,209.98
2017-04-13 09:31:53,209.65,209.98
2017-04-13 09:31:54,209.65,209.98
2017-04-13 09:31:55,209.65,209.98
2017-04-13 09:31:56,209.65,209.98
2017-04-13 09:31:57,209.65,209.98
2017-04-13 09:31:58,209.65,209.98
2017-04-13 09:31:59,209.65,209.98
2017-04-13 09:32:00,209.67,209.97
2017-04-13 09:32:01,209.67,209.97
2017-04-13 09:32:02,209.67,209.97
2017-04-13 09:32:03,209.67,209.97
2017-04-13 09:32:04,209.67,209.97
2017-04-13 09:32:05,209.67,209.97
2017-04-13 09:32:06,209.69,209.97
2017-04-13 09:32:07,209.69,209.97
2017-04-13 09:32:08,209.69,209.97
2017-04-13 09:32:09,209.69,209.97
2017-04-13 09:32:10,209.69,209.97
2017-04-13 09:32:11,209.69,209.97
2017-04-13 09:32:12,209.69,209.97
2017-04-13 09:32:13,209.69,209.97
2017-04-13 09:32:14,209.69,209.97
2017-04-13 09:32:15,209.69,209.97
2017-04-13 09:32:16,209.69,209.97
2017-04-13 09:32:17,209.69,209.97
2017-04-13 09:32:18,209.69,209.97
2017-04-13 09:32:19,209.69,209.97
2017-04-13 09:32:20,209.69,209.89
2017-04-13 09:32:21,209.69,209.89
2017-04-13 09:32:22,209.69,209.89
2017-04-13 09:32:23,209.7,209.89
2017-04-13 09:32:24,209.7,209.89
2017-04-13 09:32:25,209.7,209.89
2017-04-13 09:32:26,209.7,209.89
2017-04-13 09:32:27,209.7,209.89
2017-04-13 09:32:28,209.97,210.15
2017-04-13 09:32:29,209.99,210.15
2017-04-13 09:32:30,209.99,210.15
2017-04-13 09:32:31,209.99,210.15
2017-04-13 09:32:32,209.99,210.15
2017-04-13 09:32:33,209.99,210.15
2017-04-13 09:32:34,209.99,210.15
2017-04-13 09:32:35,209.99,210.15
2017-04-13 09:32:36,209.99,210.15
2017-04-13 09:32:37,209.99,210.15
2017-04-13 09:32:38,209.99,210.15
2017-04-13 09:32:39,210.34,210.9
2017-04-13 09:32:40,210.33,210.89
2017-04-13 09:32:41,210.33,210.89
2017-04-13 09:32:42,210.42,210.89
2017-04-13 09:32:43,210.42,210.89
2017-04-13 09:32:44,210.43,210.89
2017-04-13 09:32:45,210.43,210.88
2017-04-13 09:32:46,210.42,210.88
2017-04-13 09:32:47,210.42,210.88
2017-04-13 09:32:48,210.42,210.88
2017-04-13 09:32:49,210.42,210.88
2017-04-13 09:32:50,210.42,210.88
2017-04-13 09:32:51,210.42,210.88
2017-04-13 09:32:52,210.42,210.88
2017-04-13 09:32:53,210.42,210.88
2017-04-13 09:32:54,210.42,210.72
2017-04-13 09:32:55,210.42,210.71
2017-04-13 09:32:56,210.42,210.71
2017-04-13 09:32:57,210.47,210.72
2017-04-13 09:32:58,210.43,210.71
2017-04-13 09:32:59,210.43,210.71
2017-04-13 09:33:00,210.43,210.71
2017-04-13 09:33:01,210.44,210.71
2017-04-13 09:33:02,210.65,210.88
2017-04-13 09:33:03,210.66,210.87
2017-04-13 09:33:04,210.44,210.66
2017-04-13 09:33:05,210.44,210.67
2017-04-13 09:33:06,210.44,210.67
2017-04-13 09:33:07,210.44,210.66
2017-04-13 09:33:08,210.44,210.66
2017-04-13 09:33:09,210.44,210.66
2017-04-13 09:33:10,210.44,210.66
2017-04-13 09:33:11,210.44,210.66
2017-04-13 09:33:12,210.44,210.62
2017-04-13 09:33:13,210.45,210.62
2017-04-13 09:33:14,210.45,210.62
2017-04-13 09:33:15,210.45,210.62
2017-04-13 09:33:16,210.45,210.61
2017-04-13 09:33:17,210.46,210.61
2017-04-13 09:33:18,210.47,210.61
2017-04-13 09:33:19,210.46,210.61
2017-04-13 09:33:20,210.46,210.61
2017-04-13 09:33:21,210.46,210.61
2017-04-13 09:33:22,210.47,210.61
2017-04-13 09:33:23,210.47,210.61
2017-04-13 09:33:24,210.47,210.61
2017-04-13 09:33:25,210.59,210.84
2017-04-13 09:33:26,210.59,210.83
2017-04-13 09:33:27,210.46,210.62
2017-04-13 09:33:28,210.46,210.57
2017-04-13 09:33:29,210.33,210.56
2017-04-13 09:33:30,210.4,210.56
2017-04-13 09:33:31,210.4,210.52
2017-04-13 09:33:32,210.4,210.52
2017-04-13 09:33:33,210.4,210.52
2017-04-13 09:33:34,210.4,210.52
2017-04-13 09:33:35,210.35,210.5
2017-04-13 09:33:36,210.35,210.5
2017-04-13 09:33:37,210.35,210.5
2017-04-13 09:33:38,210.35,210.5
2017-04-13 09:33:39,210.34,210.5
2017-04-13 09:33:40,210.34,210.49
2017-04-13 09:33:41,210.34,210.49
2017-04-13 09:33:42,210.26,210.32
2017-04-13 09:33:43,210.26,210.48
2017-04-13 09:33:44,210.26,210.47
2017-04-13 09:33:45,210.26,210.47
2017-04-13 09:33:46,210.26,210.47
2017-04-13 09:33:47,210.26,210.47
2017-04-13 09:33:48,210.26,210.47
2017-04-13 09:33:49,210.27,210.46
2017-04-13 09:33:50,210.26,210.46
2017-04-13 09:33:51,210.26,210.46
2017-04-13 09:33:52,210.28,210.46
2017-04-13 09:33:53,210.01,210.35
2017-04-13 09:33:54,210.01,210.27
2017-04-13 09:33:55,210.02,210.27
2017-04-13 09:33:56,210.02,210.27
2017-04-13 09:33:57,210.02,210.27
2017-04-13 09:33:58,210.01,210.22
2017-04-13 09:33:59,210.01,210.22
2017-04-13 09:34:00,210.01,210.17
2017-04-13 09:34:01,210.01,210.15
2017-04-13 09:34:02,210.13,210.32
2017-04-13 09:34:03,210.27,210.39
2017-04-13 09:34:04,210.27,210.39
2017-04-13 09:34:05,210.27,210.39
2017-04-13 09:34:06,210.12,210.38
2017-04-13 09:34:07,210.12,210.38
2017-04-13 09:34:08,210.12,210.38
2017-04-13 09:34:09,210.12,210.38
2017-04-13 09:34:10,210.12,210.38
2017-04-13 09:34:11,210.12,210.38
2017-04-13 09:34:12,210.12,210.38
2017-04-13 09:34:13,210.12,210.38
2017-04-13 09:34:14,210.12,210.38
2017-04-13 09:34:15,210.12,210.38
2017-04-13 09:34:16,210.12,210.38
2017-04-13 09:34:17,210.12,210.38
2017-04-13 09:34:18,210.12,210.38
2017-04-13 09:34:19,210.12,210.38
2017-04-13 09:34:20,210.12,210.38
2017-04-13 09:34:21,210.12,210.38
2017-04-13 09:34:22,210.12,210.38
2017-04-13 09:34:23,210.13,210.37
2017-04-13 09:34:24,210.33,210.65
2017-04-13 09:34:25,210.34,210.65
2017-04-13 09:34:26,210.34,210.65
2017-04-13 09:34:27,210.35,210.65
2017-04-13 09:34:28,210.35,210.65
2017-04-13 09:34:29,210.35,210.65
2017-04-13 09:34:30,210.35,210.64
2017-04-13 09:34:31,210.35,210.64
2017-04-13 09:34:32,210.35,210.64
2017-04-13 09:34:33,210.35,210.64
2017-04-13 09:34:34,210.35,210.64
2017-04-13 09:34:35,210.35,210.64
2017-04-13 09:34:36,210.34,210.64
2017-04-13 09:34:37,210.34,210.64
2017-04-13 09:34:38,210.35,210.64
2017-04-13 09:34:39,210.35,210.64
2017-04-13 09:34:40,210.35,210.64
2017-04-13 09:34:41,210.34,210.64
2017-04-13 09:34:42,210.35,210.55
2017-04-13 09:34:43,210.35,210.55
2017-04-13 09:34:44,210.35,210.55
2017-04-13 09:34:45,210.35,210.55
2017-04-13 09:34:46,210.35,210.55
2017-04-13 09:34:47,210.35,210.55
2017-04-13 09:34:48,210.35,210.55
2017-04-13 09:34:49,210.35,210.55
2017-04-13 09:34:50,210.36,210.55
2017-04-13 09:34:51,210.37,210.6
2017-04-13 09:34:52,210.38,210.6
2017-04-13 09:34:53,210.56,210.87
2017-04-13 09:34:54,210.6,210.88
2017-04-13 09:34:55,210.6,210.88
2017-04-13 09:34:56,210.6,210.88
2017-04-13 09:34:57,210.6,210.88
2017-04-13 09:34:58,210.6,210.88
2017-04-13 09:34:59,210.6,210.88
2017-04-13 09:35:00,210.6,210.88
2017-04-13 09:35:01,210.6,210.82
2017-04-13 09:35:02,210.6,210.86
2017-04-13 09:35:03,210.6,210.84
2017-04-13 09:35:04,210.6,210.85
2017-04-13 09:35:05,210.61,210.85
2017-04-13 09:35:06,210.61,210.85
2017-04-13 09:35:07,210.61,210.84
2017-04-13 09:35:08,210.6,210.85
2017-04-13 09:35:09,210.6,210.82
2017-04-13 09:35:10,210.6,210.8
2017-04-13 09:35:11,210.61,210.83
2017-04-13 09:35:12,210.6,210.82
2017-04-13 09:35:13,210.74,211.25
2017-04-13 09:35:14,210.75,211.25
2017-04-13 09:35:15,210.82,211.24
2017-04-13 09:35:16,210.83,211.24
2017-04-13 09:35:17,210.83,211.24
2017-04-13 09:35:18,211.0,211.24
2017-04-13 09:35:19,211.0,211.23
2017-04-13 09:35:20,211.12,211.22
2017-04-13 09:35:21,211.2,211.48
2017-04-13 09:35:22,211.28,211.48
2017-04-13 09:35:23,211.29,211.48
2017-04-13 09:35:24,211.3,211.43
2017-04-13 09:35:25,211.3,211.5
2017-04-13 09:35:26,211.31,211.5
2017-04-13 09:35:27,211.31,211.5
2017-04-13 09:35:28,211.31,211.5
2017-04-13 09:35:29,211.31,211.5
2017-04-13 09:35:30,211.29,211.5
2017-04-13 09:35:31,211.29,211.5
2017-04-13 09:35:32,211.3,211.5
2017-04-13 09:35:33,211.3,211.5
2017-04-13 09:35:34,211.3,211.5
2017-04-13 09:35:35,211.37,211.72
2017-04-13 09:35:36,211.5,211.72
2017-04-13 09:35:37,211.5,211.86
2017-04-13 09:35:38,211.51,211.85
2017-04-13 09:35:39,211.51,211.85
2017-04-13 09:35:40,211.51,211.85
2017-04-13 09:35:41,211.52,211.84
2017-04-13 09:35:42,211.52,211.84
2017-04-13 09:35:43,211.53,211.84
2017-04-13 09:35:44,211.53,211.84
2017-04-13 09:35:45,211.54,211.91
2017-04-13 09:35:46,211.54,211.91
2017-04-13 09:35:47,211.55,211.91
2017-04-13 09:35:48,211.56,211.91
2017-04-13 09:35:49,211.56,211.91
2017-04-13 09:35:50,211.57,211.91
2017-04-13 09:35:51,211.57,211.9
2017-04-13 09:35:52,211.57,211.9
2017-04-13 09:35:53,211.57,211.78
2017-04-13 09:35:54,211.58,211.87
2017-04-13 09:35:55,211.58,211.87
2017-04-13 09:35:56,211.83,211.94
2017-04-13 09:35:57,211.83,211.94
2017-04-13 09:35:58,211.89,212.13
2017-04-13 09:35:59,211.89,212.17
2017-04-13 09:36:00,211.98,212.33
2017-04-13 09:36:01,212.09,212.35
2017-04-13 09:36:02,212.09,212.35
2017-04-13 09:36:03,212.09,212.35
2017-04-13 09:36:04,212.09,212.35
2017-04-13 09:36:05,211.83,212.11
2017-04-13 09:36:06,211.6,211.89
2017-04-13 09:36:07,211.61,211.9
2017-04-13 09:36:08,211.61,211.9
2017-04-13 09:36:09,211.61,211.9
2017-04-13 09:36:10,211.61,211.8
2017-04-13 09:36:11,211.61,211.8
2017-04-13 09:36:12,210.88,211.35
2017-04-13 09:36:13,211.0,211.43
2017-04-13 09:36:14,211.09,211.18
2017-04-13 09:36:15,211.06,211.18
2017-04-13 09:36:16,210.88,211.15
2017-04-13 09:36:17,210.88,211.15
2017-04-13 09:36:18,210.74,211.06
2017-04-13 09:36:19,210.74,211.0
2017-04-13 09:36:20,210.58,210.79
2017-04-13 09:36:21,210.58,210.8
2017-04-13 09:36:22,210.58,210.8
2017-04-13 09:36:23,210.58,210.8
2017-04-13 09:36:24,210.6,210.98
2017-04-13 09:36:25,210.6,210.98
2017-04-13 09:36:26,210.61,210.98
2017-04-13 09:36:27,210.62,210.98
2017-04-13 09:36:28,210.67,210.98
2017-04-13 09:36:29,210.81,211.03
2017-04-13 09:36:30,210.78,211.03
2017-04-13 09:36:31,211.04,211.15
2017-04-13 09:36:32,210.91,211.15
2017-04-13 09:36:33,210.86,211.15
2017-04-13 09:36:34,210.86,211.15
2017-04-13 09:36:35,210.87,211.15
2017-04-13 09:36:36,210.91,211.58
2017-04-13 09:36:37,211.02,211.58
2017-04-13 09:36:38,211.02,211.58
2017-04-13 09:36:39,211.02,211.27
2017-04-13 09:36:40,211.02,211.27
2017-04-13 09:36:41,211.02,211.27
2017-04-13 09:36:42,211.02,211.26
2017-04-13 09:36:43,211.02,211.27
2017-04-13 09:36:44,211.02,211.26
2017-04-13 09:36:45,211.02,211.26
2017-04-13 09:36:46,211.02,211.26
2017-04-13 09:36:47,211.02,211.26
2017-04-13 09:36:48,211.02,211.26
2017-04-13 09:36:49,211.02,211.26
2017-04-13 09:36:50,211.15,211.26
2017-04-13 09:36:51,211.16,211.27
2017-04-13 09:36:52,211.16,211.27
2017-04-13 09:36:53,211.16,211.26
2017-04-13 09:36:54,211.16,211.26
2017-04-13 09:36:55,211.15,211.19
2017-04-13 09:36:56,211.0,211.27
2017-04-13 09:36:57,211.0,211.26
2017-04-13 09:36:58,211.0,211.26
2017-04-13 09:36:59,211.0,211.26
2017-04-13 09:37:00,211.0,211.26
2017-04-13 09:37:01,211.0,211.25
2017-04-13 09:37:02,211.0,211.25
2017-04-13 09:37:03,211.02,211.53
2017-04-13 09:37:04,211.02,211.58
2017-04-13 09:37:05,211.02,211.58
2017-04-13 09:37:06,211.02,211.58
2017-04-13 09:37:07,211.11,211.57
2017-04-13 09:37:08,211.12,211.57
2017-04-13 09:37:09,211.12,211.57
2017-04-13 09:37:10,211.13,211.57
2017-04-13 09:37:11,211.13,211.57
2017-04-13 09:37:12,211.13,211.57
2017-04-13 09:37:13,211.13,211.57
2017-04-13 09:37:14,211.13,211.57
2017-04-13 09:37:15,211.14,211.57
2017-04-13 09:37:16,211.26,211.57
2017-04-13 09:37:17,211.26,211.55
2017-04-13 09:37:18,211.26,211.55
2017-04-13 09:37:19,211.28,211.55
2017-04-13 09:37:20,211.28,211.55
2017-04-13 09:37:21,211.28,211.55
2017-04-13 09:37:22,211.28,211.55
2017-04-13 09:37:23,211.3,211.54
2017-04-13 09:37:24,211.3,211.54
2017-04-13 09:37:25,211.3,211.54
2017-04-13 09:37:26,211.3,211.54
2017-04-13 09:37:27,211.3,211.54
2017-04-13 09:37:28,211.3,211.54
2017-04-13 09:37:29,211.3,211.53
2017-04-13 09:37:30,211.3,211.53
2017-04-13 09:37:31,211.3,211.52
2017-04-13 09:37:32,211.3,211.51
2017-04-13 09:37:33,211.3,211.51
2017-04-13 09:37:34,211.3,211.51
2017-04-13 09:37:35,211.3,211.5
2017-04-13 09:37:36,211.3,211.5
2017-04-13 09:37:37,211.3,211.5
2017-04-13 09:37:38,211.3,211.5
2017-04-13 09:37:39,211.3,211.5
2017-04-13 09:37:40,211.3,211.5
2017-04-13 09:37:41,211.3,211.5
2017-04-13 09:37:42,211.3,211.5
2017-04-13 09:37:43,211.3,211.5
2017-04-13 09:37:44,211.3,211.5
2017-04-13 09:37:45,211.3,211.5
2017-04-13 09:37:46,211.31,211.5
2017-04-13 09:37:47,211.31,211.5
2017-04-13 09:37:48,211.31,211.5
2017-04-13 09:37:49,211.31,211.5
2017-04-13 09:37:50,211.32,211.51
2017-04-13 09:37:51,211.32,211.58
2017-04-13 09:37:52,211.32,211.58
2017-04-13 09:37:53,211.32,211.56
2017-04-13 09:37:54,211.32,211.56
2017-04-13 09:37:55,211.32,211.56
2017-04-13 09:37:56,211.32,211.54
2017-04-13 09:37:57,211.39,211.55
2017-04-13 09:37:58,211.39,211.53
2017-04-13 09:37:59,211.39,211.53
2017-04-13 09:38:00,211.39,211.53
2017-04-13 09:38:01,211.4,211.52
2017-04-13 09:38:02,211.34,211.51
2017-04-13 09:38:03,211.34,211.51
2017-04-13 09:38:04,211.34,211.51
2017-04-13 09:38:05,211.34,211.51
2017-04-13 09:38:06,211.34,211.51
2017-04-13 09:38:07,211.34,211.56
2017-04-13 09:38:08,211.34,211.52
2017-04-13 09:38:09,211.34,211.51
2017-04-13 09:38:10,211.34,211.48
2017-04-13 09:38:11,211.35,211.56
2017-04-13 09:38:12,211.3,211.53
2017-04-13 09:38:13,211.31,211.53
2017-04-13 09:38:14,211.31,211.5
2017-04-13 09:38:15,211.31,211.5
2017-04-13 09:38:16,211.31,211.5
2017-04-13 09:38:17,211.31,211.5
2017-04-13 09:38:18,211.32,211.5
2017-04-13 09:38:19,211.32,211.5
2017-04-13 09:38:20,211.32,211.5
2017-04-13 09:38:21,211.32,211.5
2017-04-13 09:38:22,211.32,211.5
2017-04-13 09:38:23,211.32,211.5
2017-04-13 09:38:24,211.32,211.5
2017-04-13 09:38:25,211.32,211.5
2017-04-13 09:38:26,211.32,211.5
2017-04-13 09:38:27,211.5,211.58
2017-04-13 09:38:28,211.52,211.62
2017-04-13 09:38:29,211.52,211.61
2017-04-13 09:38:30,211.52,211.61
2017-04-13 09:38:31,211.54,211.62
2017-04-13 09:38:32,211.34,211.57
2017-04-13 09:38:33,211.36,211.62
2017-04-13 09:38:34,211.36,211.62
2017-04-13 09:38:35,211.36,211.62
2017-04-13 09:38:36,211.36,211.62
2017-04-13 09:38:37,211.36,211.62
2017-04-13 09:38:38,211.1,211.32
2017-04-13 09:38:39,211.1,211.32
2017-04-13 09:38:40,211.12,211.53
2017-04-13 09:38:41,211.12,211.53
2017-04-13 09:38:42,211.12,211.53
2017-04-13 09:38:43,211.13,211.53
2017-04-13 09:38:44,211.13,211.53
2017-04-13 09:38:45,211.13,211.53
2017-04-13 09:38:46,211.13,211.52
2017-04-13 09:38:47,211.19,211.52
2017-04-13 09:38:48,211.19,211.52
2017-04-13 09:38:49,211.19,211.52
2017-04-13 09:38:50,211.24,211.53
2017-04-13 09:38:51,211.24,211.53
2017-04-13 09:38:52,211.24,211.53
2017-04-13 09:38:53,211.51,211.67
2017-04-13 09:38:54,211.51,211.7
2017-04-13 09:38:55,211.52,211.7
2017-04-13 09:38:56,211.52,211.7
2017-04-13 09:38:57,211.51,211.7
2017-04-13 09:38:58,211.51,211.69
2017-04-13 09:38:59,211.33,211.65
2017-04-13 09:39:00,211.34,211.65
2017-04-13 09:39:01,211.43,211.63
2017-04-13 09:39:02,211.43,211.63
2017-04-13 09:39:03,211.43,211.63
2017-04-13 09:39:04,211.43,211.63
2017-04-13 09:39:05,211.43,211.63
2017-04-13 09:39:06,211.44,211.63
2017-04-13 09:39:07,211.44,211.64
2017-04-13 09:39:08,211.44,211.64
2017-04-13 09:39:09,211.45,211.63
2017-04-13 09:39:10,211.44,211.65
2017-04-13 09:39:11,211.44,211.65
2017-04-13 09:39:12,211.44,211.65
2017-04-13 09:39:13,211.34,211.49
2017-04-13 09:39:14,211.35,211.49
2017-04-13 09:39:15,211.35,211.49
2017-04-13 09:39:16,211.35,211.49
2017-04-13 09:39:17,211.35,211.49
2017-04-13 09:39:18,211.34,211.49
2017-04-13 09:39:19,211.35,211.49
2017-04-13 09:39:20,211.35,211.49
2017-04-13 09:39:21,211.35,211.49
2017-04-13 09:39:22,211.35,211.49
2017-04-13 09:39:23,211.35,211.49
2017-04-13 09:39:24,211.35,211.49
2017-04-13 09:39:25,211.35,211.49
2017-04-13 09:39:26,211.35,211.49
2017-04-13 09:39:27,211.35,211.49
2017-04-13 09:39:28,211.35,211.49
2017-04-13 09:39:29,211.36,211.49
2017-04-13 09:39:30,211.36,211.49
2017-04-13 09:39:31,211.53,211.67
2017-04-13 09:39:32,211.53,211.67
2017-04-13 09:39:33,211.54,211.64
2017-04-13 09:39:34,211.55,211.66
2017-04-13 09:39:35,211.55,211.66
2017-04-13 09:39:36,211.55,211.66
2017-04-13 09:39:37,211.56,211.66
2017-04-13 09:39:38,211.54,211.66
2017-04-13 09:39:39,211.54,211.66
2017-04-13 09:39:40,211.54,211.66
2017-04-13 09:39:41,211.5,211.61
2017-04-13 09:39:42,211.36,211.6
2017-04-13 09:39:43,211.39,211.6
2017-04-13 09:39:44,211.39,211.6
2017-04-13 09:39:45,211.39,211.6
2017-04-13 09:39:46,211.39,211.59
2017-04-13 09:39:47,211.39,211.59
2017-04-13 09:39:48,211.39,211.59
2017-04-13 09:39:49,211.39,211.59
2017-04-13 09:39:50,211.39,211.59
2017-04-13 09:39:51,211.4,211.59
2017-04-13 09:39:52,211.4,211.59
2017-04-13 09:39:53,211.4,211.59
2017-04-13 09:39:54,211.4,211.59
2017-04-13 09:39:55,211.4,211.59
2017-04-13 09:39:56,211.4,211.59
2017-04-13 09:39:57,211.4,211.59
2017-04-13 09:39:58,211.4,211.59
2017-04-13 09:39:59,211.41,211.58
2017-04-13 09:40:00,211.41,211.58
2017-04-13 09:40:01,211.41,211.58
2017-04-13 09:40:02,211.15,211.42
2017-04-13 09:40:03,211.16,211.42
2017-04-13 09:40:04,211.18,211.42
2017-04-13 09:40:05,211.2,211.41
2017-04-13 09:40:06,211.21,211.41
2017-04-13 09:40:07,211.3,211.41
2017-04-13 09:40:08,211.3,211.41
2017-04-13 09:40:09,211.3,211.41
2017-04-13 09:40:10,211.3,211.41
2017-04-13 09:40:11,211.23,211.41
2017-04-13 09:40:12,211.23,211.41
2017-04-13 09:40:13,211.3,211.5
2017-04-13 09:40:14,211.43,211.5
2017-04-13 09:40:15,211.43,211.5
2017-04-13 09:40:16,211.43,211.5
2017-04-13 09:40:17,211.43,211.5
2017-04-13 09:40:18,211.44,211.54
2017-04-13 09:40:19,211.44,211.54
2017-04-13 09:40:20,211.46,211.55
2017-04-13 09:40:21,211.46,211.55
2017-04-13 09:40:22,211.46,211.55
2017-04-13 09:40:23,211.46,211.55
2017-04-13 09:40:24,211.46,211.55
2017-04-13 09:40:25,211.46,211.55
2017-04-13 09:40:26,211.46,211.55
2017-04-13 09:40:27,211.48,211.67
2017-04-13 09:40:28,211.52,211.67
2017-04-13 09:40:29,211.52,211.67
2017-04-13 09:40:30,211.52,211.67
2017-04-13 09:40:31,211.52,211.67
2017-04-13 09:40:32,211.54,211.66
2017-04-13 09:40:33,211.54,211.65
2017-04-13 09:40:34,211.54,211.67
2017-04-13 09:40:35,211.54,211.66
2017-04-13 09:40:36,211.54,211.64
2017-04-13 09:40:37,211.58,211.7
2017-04-13 09:40:38,211.58,211.7
2017-04-13 09:40:39,211.62,211.7
2017-04-13 09:40:40,211.64,211.72
2017-04-13 09:40:41,211.64,211.72
2017-04-13 09:40:42,211.64,211.72
2017-04-13 09:40:43,211.64,211.72
2017-04-13 09:40:44,211.66,211.77
2017-04-13 09:40:45,211.66,211.77
2017-04-13 09:40:46,211.66,211.77
2017-04-13 09:40:47,211.66,211.77
2017-04-13 09:40:48,211.66,211.77
2017-04-13 09:40:49,211.66,211.77
2017-04-13 09:40:50,211.72,211.82
2017-04-13 09:40:51,211.72,211.82
2017-04-13 09:40:52,211.72,211.82
2017-04-13 09:40:53,211.72,211.82
2017-04-13 09:40:54,211.72,211.82
2017-04-13 09:40:55,211.72,211.82
2017-04-13 09:40:56,211.72,211.82
2017-04-13 09:40:57,211.72,211.82
2017-04-13 09:40:58,211.72,211.82
2017-04-13 09:40:59,211.72,211.82
2017-04-13 09:41:00,211.72,211.82
2017-04-13 09:41:01,211.74,211.82
2017-04-13 09:41:02,211.74,211.82
2017-04-13 09:41:03,211.74,211.82
2017-04-13 09:41:04,211.76,211.92
2017-04-13 09:41:05,211.88,211.93
2017-04-13 09:41:06,211.88,211.97
2017-04-13 09:41:07,211.89,211.99
2017-04-13 09:41:08,211.89,211.99
2017-04-13 09:41:09,211.89,211.99
2017-04-13 09:41:10,211.89,211.99
2017-04-13 09:41:11,211.91,211.99
2017-04-13 09:41:12,211.91,211.99
2017-04-13 09:41:13,212.03,212.16
2017-04-13 09:41:14,212.03,212.16
2017-04-13 09:41:15,212.02,212.16
2017-04-13 09:41:16,212.02,212.16
2017-04-13 09:41:17,212.03,212.16
2017-04-13 09:41:18,212.03,212.16
2017-04-13 09:41:19,212.03,212.16
2017-04-13 09:41:20,212.03,212.16
2017-04-13 09:41:21,212.09,212.25
2017-04-13 09:41:22,212.09,212.25
2017-04-13 09:41:23,212.09,212.25
2017-04-13 09:41:24,212.09,212.25
2017-04-13 09:41:25,212.11,212.25
2017-04-13 09:41:26,212.11,212.24
2017-04-13 09:41:27,212.11,212.24
2017-04-13 09:41:28,212.11,212.24
2017-04-13 09:41:29,212.11,212.24
2017-04-13 09:41:30,212.11,212.24
2017-04-13 09:41:31,212.11,212.24
2017-04-13 09:41:32,212.11,212.24
2017-04-13 09:41:33,212.11,212.24
2017-04-13 09:41:34,212.12,212.24
2017-04-13 09:41:35,212.12,212.24
2017-04-13 09:41:36,212.12,212.24
2017-04-13 09:41:37,212.08,212.22
2017-04-13 09:41:38,212.05,212.18
2017-04-13 09:41:39,212.05,212.2
2017-04-13 09:41:40,212.05,212.19
2017-04-13 09:41:41,212.05,212.17
2017-04-13 09:41:42,212.01,212.18
2017-04-13 09:41:43,212.01,212.16
2017-04-13 09:41:44,212.02,212.14
2017-04-13 09:41:45,212.02,212.12
2017-04-13 09:41:46,212.02,212.08
2017-04-13 09:41:47,212.02,212.17
2017-04-13 09:41:48,212.03,212.13
2017-04-13 09:41:49,212.03,212.13
2017-04-13 09:41:50,212.03,212.12
2017-04-13 09:41:51,212.03,212.09
2017-04-13 09:41:52,212.03,212.17
2017-04-13 09:41:53,212.03,212.16
2017-04-13 09:41:54,212.03,212.13
2017-04-13 09:41:55,212.03,212.13
2017-04-13 09:41:56,212.03,212.11
2017-04-13 09:41:57,211.88,212.13
2017-04-13 09:41:58,211.87,212.12
2017-04-13 09:41:59,211.87,212.1
2017-04-13 09:42:00,211.88,212.1
2017-04-13 09:42:01,211.87,212.07
2017-04-13 09:42:02,211.87,212.06
2017-04-13 09:42:03,211.88,212.05
2017-04-13 09:42:04,211.88,212.04
2017-04-13 09:42:05,211.88,212.01
2017-04-13 09:42:06,211.88,212.0
2017-04-13 09:42:07,211.88,212.0
2017-04-13 09:42:08,211.88,212.0
2017-04-13 09:42:09,211.88,212.0
2017-04-13 09:42:10,211.88,212.0
2017-04-13 09:42:11,211.9,212.0
2017-04-13 09:42:12,211.9,212.0
2017-04-13 09:42:13,211.9,212.0
2017-04-13 09:42:14,211.9,212.0
2017-04-13 09:42:15,211.9,212.0
2017-04-13 09:42:16,211.95,212.15
2017-04-13 09:42:17,211.95,212.15
2017-04-13 09:42:18,211.95,212.15
2017-04-13 09:42:19,211.95,212.15
2017-04-13 09:42:20,211.95,212.15
2017-04-13 09:42:21,211.96,212.14
2017-04-13 09:42:22,211.96,212.14
2017-04-13 09:42:23,211.96,212.14
2017-04-13 09:42:24,211.96,212.14
2017-04-13 09:42:25,211.98,212.14
2017-04-13 09:42:26,211.98,212.14
2017-04-13 09:42:27,211.98,212.14
2017-04-13 09:42:28,211.99,212.14
2017-04-13 09:42:29,212.01,212.14
2017-04-13 09:42:30,212.01,212.14
2017-04-13 09:42:31,212.02,212.14
2017-04-13 09:42:32,212.02,212.14
2017-04-13 09:42:33,212.02,212.14
2017-04-13 09:42:34,211.87,212.1
2017-04-13 09:42:35,211.88,212.09
2017-04-13 09:42:36,211.87,212.09
2017-04-13 09:42:37,211.89,212.09
2017-04-13 09:42:38,211.89,212.09
2017-04-13 09:42:39,211.89,212.09
2017-04-13 09:42:40,211.89,212.09
2017-04-13 09:42:41,211.89,212.09
2017-04-13 09:42:42,211.89,212.09
2017-04-13 09:42:43,211.89,212.09
2017-04-13 09:42:44,211.89,212.09
2017-04-13 09:42:45,211.89,212.09
2017-04-13 09:42:46,211.89,212.07
2017-04-13 09:42:47,211.89,212.06
2017-04-13 09:42:48,211.89,212.06
2017-04-13 09:42:49,211.89,212.06
2017-04-13 09:42:50,211.89,212.06
2017-04-13 09:42:51,211.83,212.04
2017-04-13 09:42:52,211.83,212.04
2017-04-13 09:42:53,211.83,212.04
2017-04-13 09:42:54,211.83,212.04
2017-04-13 09:42:55,211.84,212.04
2017-04-13 09:42:56,211.84,212.04
2017-04-13 09:42:57,211.84,212.04
2017-04-13 09:42:58,211.84,212.0
2017-04-13 09:42:59,211.84,212.0
2017-04-13 09:43:00,211.83,212.0
2017-04-13 09:43:01,211.87,212.0
2017-04-13 09:43:02,211.87,212.0
2017-04-13 09:43:03,211.93,212.17
2017-04-13 09:43:04,211.94,212.15
2017-04-13 09:43:05,211.94,212.12
2017-04-13 09:43:06,211.94,212.09
2017-04-13 09:43:07,211.94,212.14
2017-04-13 09:43:08,211.96,212.12
2017-04-13 09:43:09,211.96,212.1
2017-04-13 09:43:10,212.01,212.13
2017-04-13 09:43:11,212.01,212.1
2017-04-13 09:43:12,212.02,212.13
2017-04-13 09:43:13,212.02,212.13
2017-04-13 09:43:14,212.04,212.16
2017-04-13 09:43:15,212.04,212.13
2017-04-13 09:43:16,212.04,212.13
2017-04-13 09:43:17,212.02,212.13
2017-04-13 09:43:18,212.02,212.13
2017-04-13 09:43:19,212.04,212.13
2017-04-13 09:43:20,212.04,212.13
2017-04-13 09:43:21,212.04,212.13
2017-04-13 09:43:22,212.04,212.13
2017-04-13 09:43:23,212.0,212.1
2017-04-13 09:43:24,212.0,212.1
2017-04-13 09:43:25,212.0,212.1
2017-04-13 09:43:26,212.0,212.1
2017-04-13 09:43:27,211.96,212.08
2017-04-13 09:43:28,211.96,212.08
2017-04-13 09:43:29,211.96,212.08
2017-04-13 09:43:30,211.96,212.08
2017-04-13 09:43:31,211.95,212.07
2017-04-13 09:43:32,211.95,212.07
2017-04-13 09:43:33,211.95,212.07
2017-04-13 09:43:34,211.95,212.07
2017-04-13 09:43:35,211.95,212.07
2017-04-13 09:43:36,211.95,212.07
2017-04-13 09:43:37,211.95,212.07
2017-04-13 09:43:38,211.95,212.07
2017-04-13 09:43:39,211.95,212.07
2017-04-13 09:43:40,211.95,212.07
2017-04-13 09:43:41,211.97,212.07
2017-04-13 09:43:42,211.97,212.07
2017-04-13 09:43:43,211.97,212.07
2017-04-13 09:43:44,212.13,212.2
2017-04-13 09:43:45,212.06,212.2
2017-04-13 09:43:46,212.06,212.2
2017-04-13 09:43:47,212.08,212.2
2017-04-13 09:43:48,212.06,212.2
2017-04-13 09:43:49,212.06,212.2
2017-04-13 09:43:50,212.06,212.2
2017-04-13 09:43:51,212.06,212.2
2017-04-13 09:43:52,212.06,212.2
2017-04-13 09:43:53,212.06,212.2
2017-04-13 09:43:54,212.06,212.2
2017-04-13 09:43:55,212.06,212.2
2017-04-13 09:43:56,212.06,212.2
2017-04-13 09:43:57,212.06,212.2
2017-04-13 09:43:58,212.06,212.2
2017-04-13 09:43:59,212.06,212.2
2017-04-13 09:44:00,212.06,212.2
2017-04-13 09:44:01,212.06,212.2
2017-04-13 09:44:02,212.06,212.2
2017-04-13 09:44:03,212.06,212.2
2017-04-13 09:44:04,212.07,212.2
2017-04-13 09:44:05,212.07,212.2
2017-04-13 09:44:06,212.07,212.25
2017-04-13 09:44:07,212.07,212.25
2017-04-13 09:44:08,212.09,212.24
2017-04-13 09:44:09,212.09,212.24
2017-04-13 09:44:10,212.09,212.24
2017-04-13 09:44:11,212.09,212.24
2017-04-13 09:44:12,212.09,212.24
2017-04-13 09:44:13,212.09,212.24
2017-04-13 09:44:14,212.09,212.24
2017-04-13 09:44:15,212.09,212.24
2017-04-13 09:44:16,212.1,212.25
2017-04-13 09:44:17,212.1,212.25
2017-04-13 09:44:18,212.12,212.25
2017-04-13 09:44:19,212.12,212.25
2017-04-13 09:44:20,212.14,212.25
2017-04-13 09:44:21,212.14,212.25
2017-04-13 09:44:22,212.14,212.25
2017-04-13 09:44:23,212.14,212.25
2017-04-13 09:44:24,212.14,212.25
2017-04-13 09:44:25,212.14,212.25
2017-04-13 09:44:26,212.24,212.25
2017-04-13 09:44:27,212.24,212.28
2017-04-13 09:44:28,212.24,212.33
2017-04-13 09:44:29,212.25,212.37
2017-04-13 09:44:30,212.27,212.32
2017-04-13 09:44:31,212.19,212.32
2017-04-13 09:44:32,212.19,212.32
2017-04-13 09:44:33,212.2,212.32
2017-04-13 09:44:34,212.2,212.32
2017-04-13 09:44:35,212.2,212.32
2017-04-13 09:44:36,212.21,212.32
2017-04-13 09:44:37,212.21,212.32
2017-04-13 09:44:38,212.2,212.32
2017-04-13 09:44:39,212.21,212.32
2017-04-13 09:44:40,212.21,212.32
2017-04-13 09:44:41,212.21,212.32
2017-04-13 09:44:42,212.21,212.32
2017-04-13 09:44:43,212.12,212.28
2017-04-13 09:44:44,212.12,212.27
2017-04-13 09:44:45,212.13,212.27
2017-04-13 09:44:46,212.13,212.27
2017-04-13 09:44:47,212.13,212.27
2017-04-13 09:44:48,212.13,212.27
2017-04-13 09:44:49,212.13,212.27
2017-04-13 09:44:50,212.13,212.27
2017-04-13 09:44:51,212.13,212.27
2017-04-13 09:44:52,212.13,212.26
2017-04-13 09:44:53,212.13,212.26
2017-04-13 09:44:54,212.13,212.26
2017-04-13 09:44:55,212.11,212.25
2017-04-13 09:44:56,212.06,212.21
2017-04-13 09:44:57,212.06,212.17
2017-04-13 09:44:58,211.98,212.05
2017-04-13 09:44:59,211.96,212.05
2017-04-13 09:45:00,211.96,212.05
2017-04-13 09:45:01,211.94,212.05
2017-04-13 09:45:02,211.9,212.05
2017-04-13 09:45:03,211.9,212.05
2017-04-13 09:45:04,211.92,212.05
2017-04-13 09:45:05,211.92,212.05
2017-04-13 09:45:06,211.93,212.05
2017-04-13 09:45:07,211.93,212.05
2017-04-13 09:45:08,211.93,212.05
2017-04-13 09:45:09,211.92,212.05
2017-04-13 09:45:10,211.92,212.0
2017-04-13 09:45:11,211.92,212.0
2017-04-13 09:45:12,211.92,212.0
2017-04-13 09:45:13,211.92,212.0
2017-04-13 09:45:14,211.92,212.0
2017-04-13 09:45:15,211.86,211.97
2017-04-13 09:45:16,211.86,211.96
2017-04-13 09:45:17,211.86,211.96
2017-04-13 09:45:18,211.86,211.96
2017-04-13 09:45:19,211.86,211.97
2017-04-13 09:45:20,211.98,212.14
2017-04-13 09:45:21,211.98,212.14
2017-04-13 09:45:22,212.0,212.14
2017-04-13 09:45:23,212.0,212.14
2017-04-13 09:45:24,212.0,212.14
2017-04-13 09:45:25,212.0,212.14
2017-04-13 09:45:26,212.0,212.14
2017-04-13 09:45:27,212.01,212.14
2017-04-13 09:45:28,212.01,212.14
2017-04-13 09:45:29,212.01,212.14
2017-04-13 09:45:30,212.01,212.14
2017-04-13 09:45:31,212.05,212.23
2017-04-13 09:45:32,212.05,212.23
2017-04-13 09:45:33,212.07,212.23
2017-04-13 09:45:34,212.07,212.23
2017-04-13 09:45:35,212.07,212.15
2017-04-13 09:45:36,212.07,212.15
2017-04-13 09:45:37,212.07,212.15
2017-04-13 09:45:38,212.1,212.18
2017-04-13 09:45:39,212.1,212.18
2017-04-13 09:45:40,212.1,212.18
2017-04-13 09:45:41,212.1,212.18
2017-04-13 09:45:42,212.11,212.17
2017-04-13 09:45:43,212.11,212.17
2017-04-13 09:45:44,212.15,212.23
2017-04-13 09:45:45,212.16,212.23
2017-04-13 09:45:46,212.16,212.23
2017-04-13 09:45:47,212.16,212.23
2017-04-13 09:45:48,212.06,212.21
2017-04-13 09:45:49,212.06,212.21
2017-04-13 09:45:50,212.06,212.19
2017-04-13 09:45:51,212.06,212.19
2017-04-13 09:45:52,212.06,212.19
2017-04-13 09:45:53,212.06,212.19
2017-04-13 09:45:54,212.0,212.18
2017-04-13 09:45:55,212.0,212.18
2017-04-13 09:45:56,212.0,212.18
2017-04-13 09:45:57,211.98,212.18
2017-04-13 09:45:58,211.95,212.1
2017-04-13 09:45:59,211.95,212.1
2017-04-13 09:46:00,211.95,212.1
2017-04-13 09:46:01,211.96,212.1
2017-04-13 09:46:02,211.97,212.1
2017-04-13 09:46:03,211.97,212.1
2017-04-13 09:46:04,211.99,212.1
2017-04-13 09:46:05,212.02,212.2
2017-04-13 09:46:06,212.05,212.2
2017-04-13 09:46:07,212.03,212.2
2017-04-13 09:46:08,212.03,212.2
2017-04-13 09:46:09,212.03,212.2
2017-04-13 09:46:10,212.03,212.2
2017-04-13 09:46:11,212.03,212.2
2017-04-13 09:46:12,212.03,212.2
2017-04-13 09:46:13,212.03,212.2
2017-04-13 09:46:14,212.03,212.2
2017-04-13 09:46:15,212.03,212.2
2017-04-13 09:46:16,212.03,212.2
2017-04-13 09:46:17,212.03,212.2
2017-04-13 09:46:18,212.03,212.11
2017-04-13 09:46:19,212.03,212.11
2017-04-13 09:46:20,212.05,212.2
2017-04-13 09:46:21,212.05,212.2
2017-04-13 09:46:22,212.05,212.2
2017-04-13 09:46:23,212.05,212.2
2017-04-13 09:46:24,212.07,212.2
2017-04-13 09:46:25,212.07,212.2
2017-04-13 09:46:26,212.07,212.2
2017-04-13 09:46:27,212.08,212.2
2017-04-13 09:46:28,212.08,212.2
2017-04-13 09:46:29,212.08,212.2
2017-04-13 09:46:30,212.09,212.21
2017-04-13 09:46:31,212.11,212.21
2017-04-13 09:46:32,212.12,212.2
2017-04-13 09:46:33,212.12,212.21
2017-04-13 09:46:34,212.12,212.21
2017-04-13 09:46:35,212.12,212.21
2017-04-13 09:46:36,212.12,212.21
2017-04-13 09:46:37,212.12,212.21
2017-04-13 09:46:38,212.12,212.21
2017-04-13 09:46:39,212.12,212.21
2017-04-13 09:46:40,212.12,212.21
2017-04-13 09:46:41,212.12,212.21
2017-04-13 09:46:42,212.12,212.21
2017-04-13 09:46:43,212.12,212.21
2017-04-13 09:46:44,212.12,212.21
2017-04-13 09:46:45,212.12,212.21
2017-04-13 09:46:46,212.12,212.21
2017-04-13 09:46:47,212.12,212.21
2017-04-13 09:46:48,212.12,212.21
2017-04-13 09:46:49,212.12,212.21
2017-04-13 09:46:50,212.12,212.35
2017-04-13 09:46:51,212.12,212.35
2017-04-13 09:46:52,212.12,212.35
2017-04-13 09:46:53,212.13,212.35
2017-04-13 09:46:54,212.13,212.32
2017-04-13 09:46:55,212.13,212.32
2017-04-13 09:46:56,212.13,212.32
2017-04-13 09:46:57,212.13,212.32
2017-04-13 09:46:58,212.13,212.32
2017-04-13 09:46:59,212.13,212.32
2017-04-13 09:47:00,212.13,212.32
2017-04-13 09:47:01,212.13,212.32
2017-04-13 09:47:02,212.13,212.32
2017-04-13 09:47:03,212.14,212.2
2017-04-13 09:47:04,212.14,212.2
2017-04-13 09:47:05,212.12,212.2
2017-04-13 09:47:06,212.08,212.18
2017-04-13 09:47:07,212.06,212.2
2017-04-13 09:47:08,212.06,212.1
2017-04-13 09:47:09,212.07,212.18
2017-04-13 09:47:10,212.07,212.18
2017-04-13 09:47:11,212.07,212.18
2017-04-13 09:47:12,212.07,212.17
2017-04-13 09:47:13,212.07,212.17
2017-04-13 09:47:14,212.07,212.17
2017-04-13 09:47:15,212.07,212.16
2017-04-13 09:47:16,212.07,212.13
2017-04-13 09:47:17,212.09,212.2
2017-04-13 09:47:18,212.09,212.2
2017-04-13 09:47:19,212.09,212.2
2017-04-13 09:47:20,212.08,212.2
2017-04-13 09:47:21,212.08,212.2
2017-04-13 09:47:22,212.08,212.2
2017-04-13 09:47:23,212.08,212.2
2017-04-13 09:47:24,212.08,212.2
2017-04-13 09:47:25,212.12,212.22
2017-04-13 09:47:26,212.12,212.22
2017-04-13 09:47:27,212.12,212.22
2017-04-13 09:47:28,212.13,212.22
2017-04-13 09:47:29,212.16,212.22
2017-04-13 09:47:30,212.16,212.21
2017-04-13 09:47:31,212.16,212.21
2017-04-13 09:47:32,212.11,212.21
2017-04-13 09:47:33,212.11,212.22
2017-04-13 09:47:34,212.12,212.22
2017-04-13 09:47:35,212.13,212.22
2017-04-13 09:47:36,212.19,212.22
2017-04-13 09:47:37,212.13,212.2
2017-04-13 09:47:38,212.15,212.2
2017-04-13 09:47:39,212.15,212.21
2017-04-13 09:47:40,212.15,212.21
2017-04-13 09:47:41,212.15,212.22
2017-04-13 09:47:42,212.17,212.22
2017-04-13 09:47:43,212.17,212.21
2017-04-13 09:47:44,212.17,212.21
2017-04-13 09:47:45,212.17,212.21
2017-04-13 09:47:46,212.17,212.21
2017-04-13 09:47:47,212.21,212.37
2017-04-13 09:47:48,212.21,212.37
2017-04-13 09:47:49,212.23,212.37
2017-04-13 09:47:50,212.23,212.34
2017-04-13 09:47:51,212.23,212.34
2017-04-13 09:47:52,212.23,212.33
2017-04-13 09:47:53,212.23,212.33
2017-04-13 09:47:54,212.23,212.33
2017-04-13 09:47:55,212.25,212.33
2017-04-13 09:47:56,212.25,212.33
2017-04-13 09:47:57,212.24,212.33
2017-04-13 09:47:58,212.24,212.33
2017-04-13 09:47:59,212.24,212.33
2017-04-13 09:48:00,212.25,212.33
2017-04-13 09:48:01,212.25,212.33
2017-04-13 09:48:02,212.22,212.31
2017-04-13 09:48:03,212.06,212.17
2017-04-13 09:48:04,212.08,212.17
2017-04-13 09:48:05,212.08,212.17
2017-04-13 09:48:06,212.08,212.17
2017-04-13 09:48:07,212.08,212.17
2017-04-13 09:48:08,212.12,212.26
2017-04-13 09:48:09,212.12,212.26
2017-04-13 09:48:10,212.14,212.25
2017-04-13 09:48:11,212.14,212.24
2017-04-13 09:48:12,212.14,212.22
2017-04-13 09:48:13,212.14,212.22
2017-04-13 09:48:14,212.16,212.3
2017-04-13 09:48:15,212.16,212.3
2017-04-13 09:48:16,212.18,212.28
2017-04-13 09:48:17,212.18,212.28
2017-04-13 09:48:18,212.18,212.27
2017-04-13 09:48:19,212.15,212.24
2017-04-13 09:48:20,212.15,212.24
2017-04-13 09:48:21,212.13,212.21
2017-04-13 09:48:22,212.13,212.2
2017-04-13 09:48:23,212.13,212.2
2017-04-13 09:48:24,212.13,212.2
2017-04-13 09:48:25,212.13,212.2
2017-04-13 09:48:26,212.13,212.2
2017-04-13 09:48:27,212.13,212.2
2017-04-13 09:48:28,212.13,212.2
2017-04-13 09:48:29,212.13,212.2
2017-04-13 09:48:30,212.08,212.17
2017-04-13 09:48:31,212.09,212.17
2017-04-13 09:48:32,212.09,212.17
2017-04-13 09:48:33,212.09,212.17
2017-04-13 09:48:34,212.09,212.17
2017-04-13 09:48:35,212.09,212.17
2017-04-13 09:48:36,212.09,212.16
2017-04-13 09:48:37,212.09,212.16
2017-04-13 09:48:38,212.09,212.15
2017-04-13 09:48:39,212.09,212.15
2017-04-13 09:48:40,212.09,212.15
2017-04-13 09:48:41,212.09,212.15
2017-04-13 09:48:42,212.09,212.15
2017-04-13 09:48:43,212.09,212.15
2017-04-13 09:48:44,212.12,212.25
2017-04-13 09:48:45,212.12,212.25
2017-04-13 09:48:46,212.14,212.25
2017-04-13 09:48:47,212.16,212.28
2017-04-13 09:48:48,212.16,212.28
2017-04-13 09:48:49,212.3,212.38
2017-04-13 09:48:50,212.32,212.38
2017-04-13 09:48:51,212.32,212.38
2017-04-13 09:48:52,212.32,212.38
2017-04-13 09:48:53,212.32,212.38
2017-04-13 09:48:54,212.32,212.38
2017-04-13 09:48:55,212.27,212.34
2017-04-13 09:48:56,212.27,212.34
2017-04-13 09:48:57,212.28,212.34
2017-04-13 09:48:58,212.2,212.32
2017-04-13 09:48:59,212.2,212.32
2017-04-13 09:49:00,212.2,212.32
2017-04-13 09:49:01,212.2,212.31
2017-04-13 09:49:02,212.2,212.31
2017-04-13 09:49:03,212.2,212.31
2017-04-13 09:49:04,212.2,212.31
2017-04-13 09:49:05,212.2,212.31
2017-04-13 09:49:06,212.2,212.31
2017-04-13 09:49:07,212.2,212.31
2017-04-13 09:49:08,212.13,212.28
2017-04-13 09:49:09,212.11,212.28
2017-04-13 09:49:10,212.11,212.28
2017-04-13 09:49:11,212.11,212.28
2017-04-13 09:49:12,212.11,212.28
2017-04-13 09:49:13,212.11,212.28
2017-04-13 09:49:14,212.11,212.28
2017-04-13 09:49:15,212.04,212.24
2017-04-13 09:49:16,212.04,212.25
2017-04-13 09:49:17,212.06,212.24
2017-04-13 09:49:18,212.06,212.24
2017-04-13 09:49:19,212.06,212.24
2017-04-13 09:49:20,212.06,212.24
2017-04-13 09:49:21,212.06,212.24
2017-04-13 09:49:22,212.06,212.24
2017-04-13 09:49:23,212.06,212.24
2017-04-13 09:49:24,212.07,212.24
2017-04-13 09:49:25,212.06,212.24
2017-04-13 09:49:26,212.06,212.24
2017-04-13 09:49:27,212.06,212.24
2017-04-13 09:49:28,212.06,212.24
2017-04-13 09:49:29,212.07,212.23
2017-04-13 09:49:30,212.07,212.23
2017-04-13 09:49:31,212.07,212.23
2017-04-13 09:49:32,212.07,212.23
2017-04-13 09:49:33,212.07,212.23
2017-04-13 09:49:34,212.07,212.23
2017-04-13 09:49:35,212.09,212.23
2017-04-13 09:49:36,212.09,212.22
2017-04-13 09:49:37,212.09,212.22
2017-04-13 09:49:38,212.1,212.22
2017-04-13 09:49:39,212.1,212.22
2017-04-13 09:49:40,212.11,212.22
2017-04-13 09:49:41,212.12,212.22
2017-04-13 09:49:42,212.1,212.2
2017-04-13 09:49:43,212.12,212.2
2017-04-13 09:49:44,212.12,212.2
2017-04-13 09:49:45,212.12,212.18
2017-04-13 09:49:46,212.12,212.18
2017-04-13 09:49:47,212.11,212.18
2017-04-13 09:49:48,212.12,212.2
2017-04-13 09:49:49,212.12,212.2
2017-04-13 09:49:50,212.12,212.2
2017-04-13 09:49:51,212.17,212.31
2017-04-13 09:49:52,212.17,212.31
2017-04-13 09:49:53,212.2,212.3
2017-04-13 09:49:54,212.2,212.3
2017-04-13 09:49:55,212.2,212.3
2017-04-13 09:49:56,212.2,212.3
2017-04-13 09:49:57,212.2,212.3
2017-04-13 09:49:58,212.2,212.3
2017-04-13 09:49:59,212.2,212.3
2017-04-13 09:50:00,212.2,212.3
2017-04-13 09:50:01,212.2,212.3
2017-04-13 09:50:02,212.2,212.3
2017-04-13 09:50:03,212.2,212.3
2017-04-13 09:50:04,212.2,212.3
2017-04-13 09:50:05,212.2,212.3
2017-04-13 09:50:06,212.2,212.3
2017-04-13 09:50:07,212.2,212.3
2017-04-13 09:50:08,212.12,212.2
2017-04-13 09:50:09,212.12,212.2
2017-04-13 09:50:10,212.14,212.17
2017-04-13 09:50:11,212.14,212.18
2017-04-13 09:50:12,212.15,212.22
2017-04-13 09:50:13,212.15,212.22
2017-04-13 09:50:14,212.15,212.22
2017-04-13 09:50:15,212.15,212.22
2017-04-13 09:50:16,212.15,212.21
2017-04-13 09:50:17,212.15,212.2
2017-04-13 09:50:18,212.15,212.2
2017-04-13 09:50:19,212.15,212.2
2017-04-13 09:50:20,212.15,212.2
2017-04-13 09:50:21,212.11,212.19
2017-04-13 09:50:22,212.06,212.15
2017-04-13 09:50:23,212.07,212.14
2017-04-13 09:50:24,212.07,212.14
2017-04-13 09:50:25,212.06,212.11
2017-04-13 09:50:26,212.06,212.11
2017-04-13 09:50:27,212.13,212.2
2017-04-13 09:50:28,212.15,212.27
2017-04-13 09:50:29,212.15,212.27
2017-04-13 09:50:30,212.2,212.27
2017-04-13 09:50:31,212.2,212.25
2017-04-13 09:50:32,212.2,212.25
2017-04-13 09:50:33,212.2,212.24
2017-04-13 09:50:34,212.2,212.22
2017-04-13 09:50:35,212.2,212.23
2017-04-13 09:50:36,212.12,212.2
2017-04-13 09:50:37,212.12,212.21
2017-04-13 09:50:38,212.16,212.21
2017-04-13 09:50:39,212.12,212.19
2017-04-13 09:50:40,212.06,212.18
2017-04-13 09:50:41,212.06,212.18
2017-04-13 09:50:42,212.09,212.18
2017-04-13 09:50:43,212.08,212.18
2017-04-13 09:50:44,212.08,212.18
2017-04-13 09:50:45,212.08,212.18
2017-04-13 09:50:46,212.08,212.18
2017-04-13 09:50:47,212.08,212.18
2017-04-13 09:50:48,212.08,212.18
2017-04-13 09:50:49,212.08,212.18
2017-04-13 09:50:50,212.09,212.18
2017-04-13 09:50:51,212.15,212.25
2017-04-13 09:50:52,212.17,212.25
2017-04-13 09:50:53,212.19,212.23
2017-04-13 09:50:54,212.19,212.23
2017-04-13 09:50:55,212.21,212.24
2017-04-13 09:50:56,212.22,212.26
2017-04-13 09:50:57,212.22,212.26
2017-04-13 09:50:58,212.2,212.26
2017-04-13 09:50:59,212.2,212.25
2017-04-13 09:51:00,212.21,212.26
2017-04-13 09:51:01,212.24,212.29
2017-04-13 09:51:02,212.24,212.29
2017-04-13 09:51:03,212.24,212.29
2017-04-13 09:51:04,212.28,212.31
2017-04-13 09:51:05,212.31,212.37
2017-04-13 09:51:06,212.31,212.37
2017-04-13 09:51:07,212.31,212.37
2017-04-13 09:51:08,212.31,212.37
2017-04-13 09:51:09,212.28,212.35
2017-04-13 09:51:10,212.3,212.35
2017-04-13 09:51:11,212.34,212.37
2017-04-13 09:51:12,212.33,212.37
2017-04-13 09:51:13,212.32,212.35
2017-04-13 09:51:14,212.48,212.55
2017-04-13 09:51:15,212.5,212.59
2017-04-13 09:51:16,212.5,212.59
2017-04-13 09:51:17,212.39,212.58
2017-04-13 09:51:18,212.54,212.66
2017-04-13 09:51:19,212.41,212.59
2017-04-13 09:51:20,212.41,212.59
2017-04-13 09:51:21,212.41,212.59
2017-04-13 09:51:22,212.44,212.59
2017-04-13 09:51:23,212.44,212.59
2017-04-13 09:51:24,212.44,212.59
2017-04-13 09:51:25,212.44,212.59
2017-04-13 09:51:26,212.56,212.66
2017-04-13 09:51:27,212.52,212.66
2017-04-13 09:51:28,212.52,212.66
2017-04-13 09:51:29,212.58,212.7
2017-04-13 09:51:30,212.58,212.7
2017-04-13 09:51:31,212.58,212.7
2017-04-13 09:51:32,212.58,212.7
2017-04-13 09:51:33,212.6,212.69
2017-04-13 09:51:34,212.56,212.67
2017-04-13 09:51:35,212.52,212.67
2017-04-13 09:51:36,212.51,212.67
2017-04-13 09:51:37,212.53,212.6
2017-04-13 09:51:38,212.53,212.64
2017-04-13 09:51:39,212.52,212.64
2017-04-13 09:51:40,212.48,212.58
2017-04-13 09:51:41,212.48,212.58
2017-04-13 09:51:42,212.48,212.57
2017-04-13 09:51:43,212.48,212.57
2017-04-13 09:51:44,212.48,212.57
2017-04-13 09:51:45,212.44,212.55
2017-04-13 09:51:46,212.44,212.55
2017-04-13 09:51:47,212.45,212.55
2017-04-13 09:51:48,212.45,212.55
2017-04-13 09:51:49,212.5,212.66
2017-04-13 09:51:50,212.51,212.65
2017-04-13 09:51:51,212.51,212.65
2017-04-13 09:51:52,212.51,212.64
2017-04-13 09:51:53,212.51,212.64
2017-04-13 09:51:54,212.51,212.64
2017-04-13 09:51:55,212.51,212.63
2017-04-13 09:51:56,212.51,212.63
2017-04-13 09:51:57,212.51,212.63
2017-04-13 09:51:58,212.51,212.63
2017-04-13 09:51:59,212.51,212.63
2017-04-13 09:52:00,212.51,212.63
2017-04-13 09:52:01,212.51,212.63
2017-04-13 09:52:02,212.51,212.63
2017-04-13 09:52:03,212.51,212.63
2017-04-13 09:52:04,212.51,212.63
2017-04-13 09:52:05,212.51,212.63
2017-04-13 09:52:06,212.52,212.62
2017-04-13 09:52:07,212.52,212.62
2017-04-13 09:52:08,212.52,212.62
2017-04-13 09:52:09,212.52,212.62
2017-04-13 09:52:10,212.52,212.62
2017-04-13 09:52:11,212.52,212.62
2017-04-13 09:52:12,212.52,212.62
2017-04-13 09:52:13,212.52,212.62
2017-04-13 09:52:14,212.52,212.6
2017-04-13 09:52:15,212.52,212.6
2017-04-13 09:52:16,212.52,212.6
2017-04-13 09:52:17,212.52,212.6
2017-04-13 09:52:18,212.52,212.6
2017-04-13 09:52:19,212.52,212.58
2017-04-13 09:52:20,212.52,212.6
2017-04-13 09:52:21,212.52,212.6
2017-04-13 09:52:22,212.54,212.59
2017-04-13 09:52:23,212.54,212.59
2017-04-13 09:52:24,212.61,212.65
2017-04-13 09:52:25,212.6,212.65
2017-04-13 09:52:26,212.57,212.64
2017-04-13 09:52:27,212.57,212.64
2017-04-13 09:52:28,212.57,212.64
2017-04-13 09:52:29,212.59,212.65
2017-04-13 09:52:30,212.59,212.65
2017-04-13 09:52:31,212.57,212.65
2017-04-13 09:52:32,212.57,212.65
2017-04-13 09:52:33,212.57,212.65
2017-04-13 09:52:34,212.52,212.63
2017-04-13 09:52:35,212.52,212.62
2017-04-13 09:52:36,212.46,212.57
2017-04-13 09:52:37,212.46,212.56
2017-04-13 09:52:38,212.48,212.56
2017-04-13 09:52:39,212.48,212.56
2017-04-13 09:52:40,212.48,212.56
2017-04-13 09:52:41,212.48,212.56
2017-04-13 09:52:42,212.48,212.56
2017-04-13 09:52:43,212.48,212.56
2017-04-13 09:52:44,212.47,212.54
2017-04-13 09:52:45,212.47,212.53
2017-04-13 09:52:46,212.47,212.52
2017-04-13 09:52:47,212.49,212.55
2017-04-13 09:52:48,212.51,212.6
2017-04-13 09:52:49,212.53,212.6
2017-04-13 09:52:50,212.53,212.6
2017-04-13 09:52:51,212.53,212.6
2017-04-13 09:52:52,212.53,212.6
2017-04-13 09:52:53,212.53,212.6
2017-04-13 09:52:54,212.53,212.6
2017-04-13 09:52:55,212.53,212.59
2017-04-13 09:52:56,212.53,212.59
2017-04-13 09:52:57,212.57,212.63
2017-04-13 09:52:58,212.57,212.63
2017-04-13 09:52:59,212.59,212.63
2017-04-13 09:53:00,212.61,212.65
2017-04-13 09:53:01,212.51,212.6
2017-04-13 09:53:02,212.51,212.6
2017-04-13 09:53:03,212.51,212.6
2017-04-13 09:53:04,212.51,212.6
2017-04-13 09:53:05,212.51,212.6
2017-04-13 09:53:06,212.44,212.58
2017-04-13 09:53:07,212.37,212.48
2017-04-13 09:53:08,212.37,212.48
2017-04-13 09:53:09,212.37,212.48
2017-04-13 09:53:10,212.39,212.6
2017-04-13 09:53:11,212.39,212.49
2017-04-13 09:53:12,212.39,212.59
2017-04-13 09:53:13,212.41,212.59
2017-04-13 09:53:14,212.42,212.59
2017-04-13 09:53:15,212.4,212.59
2017-04-13 09:53:16,212.41,212.59
2017-04-13 09:53:17,212.41,212.59
2017-04-13 09:53:18,212.41,212.53
2017-04-13 09:53:19,212.41,212.53
2017-04-13 09:53:20,212.41,212.53
2017-04-13 09:53:21,212.41,212.53
2017-04-13 09:53:22,212.41,212.53
2017-04-13 09:53:23,212.4,212.52
2017-04-13 09:53:24,212.4,212.52
2017-04-13 09:53:25,212.32,212.45
2017-04-13 09:53:26,212.34,212.45
2017-04-13 09:53:27,212.32,212.45
2017-04-13 09:53:28,212.3,212.45
2017-04-13 09:53:29,212.3,212.45
2017-04-13 09:53:30,212.3,212.45
2017-04-13 09:53:31,212.3,212.45
2017-04-13 09:53:32,212.3,212.45
2017-04-13 09:53:33,212.3,212.45
2017-04-13 09:53:34,212.3,212.45
2017-04-13 09:53:35,212.3,212.45
2017-04-13 09:53:36,212.3,212.45
2017-04-13 09:53:37,212.3,212.45
2017-04-13 09:53:38,212.3,212.45
2017-04-13 09:53:39,212.3,212.45
2017-04-13 09:53:40,212.25,212.39
2017-04-13 09:53:41,212.25,212.39
2017-04-13 09:53:42,212.25,212.39
2017-04-13 09:53:43,212.25,212.39
2017-04-13 09:53:44,212.25,212.39
2017-04-13 09:53:45,212.25,212.39
2017-04-13 09:53:46,212.25,212.39
2017-04-13 09:53:47,212.25,212.39
2017-04-13 09:53:48,212.25,212.39
2017-04-13 09:53:49,212.25,212.39
2017-04-13 09:53:50,212.2,212.36
2017-04-13 09:53:51,212.15,212.36
2017-04-13 09:53:52,212.11,212.36
2017-04-13 09:53:53,212.15,212.36
2017-04-13 09:53:54,212.15,212.36
2017-04-13 09:53:55,212.15,212.36
2017-04-13 09:53:56,212.13,212.35
2017-04-13 09:53:57,212.2,212.36
2017-04-13 09:53:58,212.2,212.36
2017-04-13 09:53:59,212.03,212.19
2017-04-13 09:54:00,212.03,212.15
2017-04-13 09:54:01,212.04,212.15
2017-04-13 09:54:02,212.04,212.15
2017-04-13 09:54:03,212.05,212.15
2017-04-13 09:54:04,212.05,212.15
2017-04-13 09:54:05,211.99,212.14
2017-04-13 09:54:06,211.97,212.04
2017-04-13 09:54:07,211.97,212.04
2017-04-13 09:54:08,211.97,212.04
2017-04-13 09:54:09,211.97,212.04
2017-04-13 09:54:10,211.97,212.04
2017-04-13 09:54:11,211.97,212.04
2017-04-13 09:54:12,211.97,212.04
2017-04-13 09:54:13,211.97,212.04
2017-04-13 09:54:14,211.97,212.04
2017-04-13 09:54:15,211.97,212.04
2017-04-13 09:54:16,211.97,212.03
2017-04-13 09:54:17,211.97,212.03
2017-04-13 09:54:18,211.97,212.03
2017-04-13 09:54:19,211.97,212.03
2017-04-13 09:54:20,211.97,212.03
2017-04-13 09:54:21,211.95,212.02
2017-04-13 09:54:22,211.93,212.0
2017-04-13 09:54:23,211.91,212.0
2017-04-13 09:54:24,211.91,211.98
2017-04-13 09:54:25,211.91,211.98
2017-04-13 09:54:26,211.91,211.98
2017-04-13 09:54:27,211.91,211.98
2017-04-13 09:54:28,211.91,211.98
2017-04-13 09:54:29,211.91,211.98
2017-04-13 09:54:30,211.91,211.98
2017-04-13 09:54:31,211.91,211.98
2017-04-13 09:54:32,211.91,211.98
2017-04-13 09:54:33,211.91,211.98
2017-04-13 09:54:34,211.91,211.98
2017-04-13 09:54:35,211.91,211.98
2017-04-13 09:54:36,211.82,211.88
2017-04-13 09:54:37,211.82,211.88
2017-04-13 09:54:38,211.82,211.88
2017-04-13 09:54:39,211.82,211.88
2017-04-13 09:54:40,211.82,211.88
2017-04-13 09:54:41,211.82,211.88
2017-04-13 09:54:42,211.82,211.88
2017-04-13 09:54:43,211.82,211.88
2017-04-13 09:54:44,211.82,211.88
2017-04-13 09:54:45,211.82,211.88
2017-04-13 09:54:46,211.83,211.88
2017-04-13 09:54:47,211.84,211.89
2017-04-13 09:54:48,211.84,211.89
2017-04-13 09:54:49,211.89,211.98
2017-04-13 09:54:50,211.89,211.98
2017-04-13 09:54:51,211.89,211.98
2017-04-13 09:54:52,211.89,211.98
2017-04-13 09:54:53,211.89,211.98
2017-04-13 09:54:54,211.89,211.98
2017-04-13 09:54:55,211.89,211.98
2017-04-13 09:54:56,211.89,211.98
2017-04-13 09:54:57,211.89,211.98
2017-04-13 09:54:58,211.9,211.97
2017-04-13 09:54:59,211.9,211.97
2017-04-13 09:55:00,211.88,211.96
2017-04-13 09:55:01,211.88,211.96
2017-04-13 09:55:02,211.88,211.96
2017-04-13 09:55:03,211.88,211.96
2017-04-13 09:55:04,211.88,211.96
2017-04-13 09:55:05,211.89,211.96
2017-04-13 09:55:06,211.89,211.96
2017-04-13 09:55:07,211.89,211.96
2017-04-13 09:55:08,211.89,211.96
2017-04-13 09:55:09,211.89,211.95
2017-04-13 09:55:10,211.89,211.95
2017-04-13 09:55:11,211.89,211.95
2017-04-13 09:55:12,211.86,211.95
2017-04-13 09:55:13,211.86,211.95
2017-04-13 09:55:14,211.86,211.95
2017-04-13 09:55:15,211.86,211.95
2017-04-13 09:55:16,211.86,211.95
2017-04-13 09:55:17,211.86,211.92
2017-04-13 09:55:18,211.86,211.92
2017-04-13 09:55:19,211.86,211.92
2017-04-13 09:55:20,211.85,211.93
2017-04-13 09:55:21,211.85,211.93
2017-04-13 09:55:22,211.85,211.93
2017-04-13 09:55:23,211.85,211.93
2017-04-13 09:55:24,211.85,211.93
2017-04-13 09:55:25,211.85,211.93
2017-04-13 09:55:26,211.85,211.93
2017-04-13 09:55:27,211.85,211.93
2017-04-13 09:55:28,211.85,211.93
2017-04-13 09:55:29,211.85,211.93
2017-04-13 09:55:30,211.85,211.93
2017-04-13 09:55:31,211.87,211.93
2017-04-13 09:55:32,211.88,211.93
2017-04-13 09:55:33,211.88,211.93
2017-04-13 09:55:34,211.88,211.93
2017-04-13 09:55:35,211.88,211.93
2017-04-13 09:55:36,211.88,211.93
2017-04-13 09:55:37,211.94,211.98
2017-04-13 09:55:38,211.94,211.98
2017-04-13 09:55:39,211.94,211.98
2017-04-13 09:55:40,211.96,212.1
2017-04-13 09:55:41,211.97,212.1
2017-04-13 09:55:42,211.98,212.1
2017-04-13 09:55:43,211.98,212.1
2017-04-13 09:55:44,211.98,212.1
2017-04-13 09:55:45,212.0,212.1
2017-04-13 09:55:46,212.0,212.1
2017-04-13 09:55:47,212.0,212.09
2017-04-13 09:55:48,212.0,212.09
2017-04-13 09:55:49,212.01,212.1
2017-04-13 09:55:50,212.01,212.1
2017-04-13 09:55:51,212.01,212.09
2017-04-13 09:55:52,212.01,212.09
2017-04-13 09:55:53,212.01,212.09
2017-04-13 09:55:54,212.01,212.09
2017-04-13 09:55:55,212.02,212.08
2017-04-13 09:55:56,212.03,212.09
2017-04-13 09:55:57,212.02,212.1
2017-04-13 09:55:58,212.02,212.1
2017-04-13 09:55:59,212.02,212.1
2017-04-13 09:56:00,212.02,212.1
2017-04-13 09:56:01,212.02,212.08
2017-04-13 09:56:02,212.02,212.08
2017-04-13 09:56:03,212.03,212.08
2017-04-13 09:56:04,212.03,212.08
2017-04-13 09:56:05,212.03,212.08
2017-04-13 09:56:06,212.03,212.08
2017-04-13 09:56:07,212.03,212.08
2017-04-13 09:56:08,212.03,212.08
2017-04-13 09:56:09,212.03,212.08
2017-04-13 09:56:10,212.0,212.06
2017-04-13 09:56:11,212.0,212.06
2017-04-13 09:56:12,212.0,212.06
2017-04-13 09:56:13,212.0,212.06
2017-04-13 09:56:14,211.96,212.04
2017-04-13 09:56:15,211.96,212.04
2017-04-13 09:56:16,211.96,212.04
2017-04-13 09:56:17,211.96,212.04
2017-04-13 09:56:18,211.96,212.04
2017-04-13 09:56:19,211.96,212.04
2017-04-13 09:56:20,211.96,212.04
2017-04-13 09:56:21,211.96,212.04
2017-04-13 09:56:22,211.96,212.04
2017-04-13 09:56:23,211.96,212.04
2017-04-13 09:56:24,211.96,212.03
2017-04-13 09:56:25,211.92,211.98
2017-04-13 09:56:26,211.91,211.98
2017-04-13 09:56:27,211.91,211.98
2017-04-13 09:56:28,211.91,211.98
2017-04-13 09:56:29,211.91,211.98
2017-04-13 09:56:30,211.91,211.98
2017-04-13 09:56:31,211.91,211.98
2017-04-13 09:56:32,211.91,211.98
2017-04-13 09:56:33,211.91,211.97
2017-04-13 09:56:34,211.91,211.97
2017-04-13 09:56:35,211.91,211.97
2017-04-13 09:56:36,211.91,211.97
2017-04-13 09:56:37,211.91,211.97
2017-04-13 09:56:38,211.91,211.96
2017-04-13 09:56:39,211.95,212.0
2017-04-13 09:56:40,211.95,212.0
2017-04-13 09:56:41,211.97,212.09
2017-04-13 09:56:42,211.97,212.09
2017-04-13 09:56:43,211.91,212.07
2017-04-13 09:56:44,211.91,212.0
2017-04-13 09:56:45,211.91,211.97
2017-04-13 09:56:46,211.91,211.94
2017-04-13 09:56:47,211.91,211.94
2017-04-13 09:56:48,211.91,211.94
2017-04-13 09:56:49,211.91,211.94
2017-04-13 09:56:50,212.01,212.07
2017-04-13 09:56:51,212.01,212.07
2017-04-13 09:56:52,212.01,212.07
2017-04-13 09:56:53,212.01,212.07
2017-04-13 09:56:54,212.01,212.07
2017-04-13 09:56:55,211.98,212.06
2017-04-13 09:56:56,211.96,212.06
2017-04-13 09:56:57,211.97,212.01
2017-04-13 09:56:58,211.92,211.97
2017-04-13 09:56:59,211.92,211.96
2017-04-13 09:57:00,211.86,211.93
2017-04-13 09:57:01,211.86,211.89
2017-04-13 09:57:02,211.86,211.9
2017-04-13 09:57:03,211.89,212.0
2017-04-13 09:57:04,211.91,212.0
2017-04-13 09:57:05,211.91,212.0
2017-04-13 09:57:06,211.91,212.0
2017-04-13 09:57:07,211.91,211.97
2017-04-13 09:57:08,211.95,212.07
2017-04-13 09:57:09,211.95,212.07
2017-04-13 09:57:10,211.95,212.07
2017-04-13 09:57:11,211.97,212.07
2017-04-13 09:57:12,211.97,212.07
2017-04-13 09:57:13,211.97,212.07
2017-04-13 09:57:14,211.97,212.07
2017-04-13 09:57:15,211.99,212.07
2017-04-13 09:57:16,211.99,212.07
2017-04-13 09:57:17,211.99,212.07
2017-04-13 09:57:18,211.99,212.06
2017-04-13 09:57:19,211.99,212.06
2017-04-13 09:57:20,211.99,212.06
2017-04-13 09:57:21,211.99,212.06
2017-04-13 09:57:22,211.99,212.05
2017-04-13 09:57:23,211.99,212.05
2017-04-13 09:57:24,211.99,212.05
2017-04-13 09:57:25,211.93,211.99
2017-04-13 09:57:26,211.9,211.99
2017-04-13 09:57:27,211.9,211.99
2017-04-13 09:57:28,211.9,211.99
2017-04-13 09:57:29,211.9,211.99
2017-04-13 09:57:30,211.9,211.99
2017-04-13 09:57:31,211.9,211.99
2017-04-13 09:57:32,211.9,211.99
2017-04-13 09:57:33,211.9,211.99
2017-04-13 09:57:34,211.9,211.99
2017-04-13 09:57:35,211.9,211.99
2017-04-13 09:57:36,211.9,211.99
2017-04-13 09:57:37,211.9,211.94
2017-04-13 09:57:38,211.91,211.94
2017-04-13 09:57:39,211.91,211.94
2017-04-13 09:57:40,211.91,211.94
2017-04-13 09:57:41,211.91,211.94
2017-04-13 09:57:42,211.91,211.94
2017-04-13 09:57:43,211.91,211.94
2017-04-13 09:57:44,211.92,211.96
2017-04-13 09:57:45,211.92,211.96
2017-04-13 09:57:46,211.92,211.96
2017-04-13 09:57:47,211.92,211.96
2017-04-13 09:57:48,211.92,211.96
2017-04-13 09:57:49,211.92,211.96
2017-04-13 09:57:50,211.95,212.06
2017-04-13 09:57:51,211.94,212.0
2017-04-13 09:57:52,211.94,212.0
2017-04-13 09:57:53,211.9,211.98
2017-04-13 09:57:54,211.9,211.97
2017-04-13 09:57:55,211.9,211.97
2017-04-13 09:57:56,211.9,211.97
2017-04-13 09:57:57,211.9,211.97
2017-04-13 09:57:58,211.9,211.97
2017-04-13 09:57:59,211.9,211.97
2017-04-13 09:58:00,211.9,211.97
2017-04-13 09:58:01,211.85,211.94
2017-04-13 09:58:02,211.85,211.93
2017-04-13 09:58:03,211.86,211.92
2017-04-13 09:58:04,211.87,211.95
2017-04-13 09:58:05,211.87,211.95
2017-04-13 09:58:06,211.87,211.95
2017-04-13 09:58:07,211.87,211.95
2017-04-13 09:58:08,211.87,211.95
2017-04-13 09:58:09,211.92,212.09
2017-04-13 09:58:10,212.05,212.16
2017-04-13 09:58:11,212.05,212.16
2017-04-13 09:58:12,212.05,212.15
2017-04-13 09:58:13,212.06,212.14
2017-04-13 09:58:14,212.07,212.16
2017-04-13 09:58:15,212.07,212.15
2017-04-13 09:58:16,212.07,212.15
2017-04-13 09:58:17,212.07,212.15
2017-04-13 09:58:18,212.07,212.15
2017-04-13 09:58:19,212.07,212.15
2017-04-13 09:58:20,212.07,212.15
2017-04-13 09:58:21,212.03,212.15
2017-04-13 09:58:22,212.03,212.15
2017-04-13 09:58:23,212.03,212.15
2017-04-13 09:58:24,212.03,212.15
2017-04-13 09:58:25,211.93,212.12
2017-04-13 09:58:26,211.91,212.12
2017-04-13 09:58:27,211.92,212.12
2017-04-13 09:58:28,211.92,212.12
2017-04-13 09:58:29,211.95,212.12
2017-04-13 09:58:30,211.95,212.12
2017-04-13 09:58:31,211.96,212.12
2017-04-13 09:58:32,211.96,212.12
2017-04-13 09:58:33,211.96,212.12
2017-04-13 09:58:34,211.96,212.12
2017-04-13 09:58:35,211.96,212.12
2017-04-13 09:58:36,211.96,212.12
2017-04-13 09:58:37,211.96,212.0
2017-04-13 09:58:38,211.96,212.0
2017-04-13 09:58:39,212.01,212.07
2017-04-13 09:58:40,212.03,212.07
2017-04-13 09:58:41,212.02,212.07
2017-04-13 09:58:42,212.02,212.07
2017-04-13 09:58:43,212.01,212.07
2017-04-13 09:58:44,212.01,212.07
2017-04-13 09:58:45,212.0,212.06
2017-04-13 09:58:46,212.0,212.06
2017-04-13 09:58:47,212.0,212.06
2017-04-13 09:58:48,212.0,212.06
2017-04-13 09:58:49,212.0,212.06
2017-04-13 09:58:50,212.0,212.06
2017-04-13 09:58:51,211.95,212.04
2017-04-13 09:58:52,211.95,212.04
2017-04-13 09:58:53,211.95,212.03
2017-04-13 09:58:54,211.95,212.03
2017-04-13 09:58:55,211.95,212.03
2017-04-13 09:58:56,211.95,212.03
2017-04-13 09:58:57,211.96,212.0
2017-04-13 09:58:58,211.96,212.0
2017-04-13 09:58:59,211.96,212.0
2017-04-13 09:59:00,211.96,211.99
2017-04-13 09:59:01,211.94,211.99
2017-04-13 09:59:02,211.9,211.94
2017-04-13 09:59:03,211.9,211.94
2017-04-13 09:59:04,211.9,211.94
2017-04-13 09:59:05,211.9,211.94
2017-04-13 09:59:06,211.9,211.94
2017-04-13 09:59:07,211.81,211.93
2017-04-13 09:59:08,211.81,211.93
2017-04-13 09:59:09,211.81,211.93
2017-04-13 09:59:10,211.81,211.92
2017-04-13 09:59:11,211.81,211.92
2017-04-13 09:59:12,211.81,211.92
2017-04-13 09:59:13,211.81,211.92
2017-04-13 09:59:14,211.81,211.92
2017-04-13 09:59:15,211.81,211.92
2017-04-13 09:59:16,211.81,211.92
2017-04-13 09:59:17,211.81,211.92
2017-04-13 09:59:18,211.81,211.92
2017-04-13 09:59:19,211.71,211.79
2017-04-13 09:59:20,211.71,211.79
2017-04-13 09:59:21,211.6,211.65
2017-04-13 09:59:22,211.57,211.65
2017-04-13 09:59:23,211.59,211.65
2017-04-13 09:59:24,211.52,211.64
2017-04-13 09:59:25,211.53,211.64
2017-04-13 09:59:26,211.53,211.64
2017-04-13 09:59:27,211.53,211.64
2017-04-13 09:59:28,211.53,211.64
2017-04-13 09:59:29,211.53,211.64
2017-04-13 09:59:30,211.5,211.65
2017-04-13 09:59:31,211.5,211.65
2017-04-13 09:59:32,211.54,211.68
2017-04-13 09:59:33,211.54,211.68
2017-04-13 09:59:34,211.54,211.67
2017-04-13 09:59:35,211.54,211.67
2017-04-13 09:59:36,211.54,211.67
2017-04-13 09:59:37,211.54,211.67
2017-04-13 09:59:38,211.54,211.63
2017-04-13 09:59:39,211.54,211.63
2017-04-13 09:59:40,211.54,211.63
2017-04-13 09:59:41,211.54,211.63
2017-04-13 09:59:42,211.54,211.63
2017-04-13 09:59:43,211.54,211.63
2017-04-13 09:59:44,211.54,211.63
2017-04-13 09:59:45,211.54,211.63
2017-04-13 09:59:46,211.54,211.63
2017-04-13 09:59:47,211.54,211.63
2017-04-13 09:59:48,211.56,211.6
2017-04-13 09:59:49,211.56,211.6
2017-04-13 09:59:50,211.56,211.6
2017-04-13 09:59:51,211.56,211.63
2017-04-13 09:59:52,211.56,211.63
2017-04-13 09:59:53,211.56,211.61
2017-04-13 09:59:54,211.56,211.61
2017-04-13 09:59:55,211.56,211.61
2017-04-13 09:59:56,211.56,211.62
2017-04-13 09:59:57,211.56,211.63
2017-04-13 09:59:58,211.56,211.63
2017-04-13 09:59:59,211.56,211.63
2017-04-13 10:00:00,211.56,211.63
2017-04-13 10:00:01,211.56,211.63
2017-04-13 10:00:02,211.56,211.74
2017-04-13 10:00:03,211.56,211.74
2017-04-13 10:00:04,211.56,211.74
2017-04-13 10:00:05,211.56,211.74
2017-04-13 10:00:06,211.56,211.74
2017-04-13 10:00:07,211.57,211.74
2017-04-13 10:00:08,211.58,211.74
2017-04-13 10:00:09,211.56,211.74
2017-04-13 10:00:10,211.56,211.74
2017-04-13 10:00:11,211.57,211.68
2017-04-13 10:00:12,211.57,211.68
2017-04-13 10:00:13,211.58,211.71
2017-04-13 10:00:14,211.59,211.68
2017-04-13 10:00:15,211.6,211.68
2017-04-13 10:00:16,211.6,211.68
2017-04-13 10:00:17,211.62,211.69
2017-04-13 10:00:18,211.62,211.69
2017-04-13 10:00:19,211.63,211.69
2017-04-13 10:00:20,211.66,211.71
2017-04-13 10:00:21,211.63,211.74
2017-04-13 10:00:22,211.65,211.74
2017-04-13 10:00:23,211.65,211.74
2017-04-13 10:00:24,211.65,211.74
2017-04-13 10:00:25,211.65,211.74
2017-04-13 10:00:26,211.65,211.74
2017-04-13 10:00:27,211.66,211.74
2017-04-13 10:00:28,211.73,211.79
2017-04-13 10:00:29,211.76,211.95
2017-04-13 10:00:30,211.76,211.94
2017-04-13 10:00:31,211.78,211.91
2017-04-13 10:00:32,211.78,211.95
2017-04-13 10:00:33,211.79,211.94
2017-04-13 10:00:34,211.86,211.94
2017-04-13 10:00:35,211.86,211.95
2017-04-13 10:00:36,211.86,211.91
2017-04-13 10:00:37,211.86,211.91
2017-04-13 10:00:38,211.8,211.95
2017-04-13 10:00:39,211.8,211.94
2017-04-13 10:00:40,211.79,211.91
2017-04-13 10:00:41,211.79,211.91
2017-04-13 10:00:42,211.79,211.91
2017-04-13 10:00:43,211.79,211.91
2017-04-13 10:00:44,211.79,211.88
2017-04-13 10:00:45,211.79,211.9
2017-04-13 10:00:46,211.79,211.9
2017-04-13 10:00:47,211.79,211.91
2017-04-13 10:00:48,211.79,211.91
2017-04-13 10:00:49,211.8,211.91
2017-04-13 10:00:50,211.8,211.91
2017-04-13 10:00:51,211.8,211.91
2017-04-13 10:00:52,211.81,211.91
2017-04-13 10:00:53,211.81,211.91
2017-04-13 10:00:54,211.81,211.91
2017-04-13 10:00:55,211.81,211.91
2017-04-13 10:00:56,211.78,211.89
2017-04-13 10:00:57,211.8,211.89
2017-04-13 10:00:58,211.8,211.9
2017-04-13 10:00:59,211.8,211.9
2017-04-13 10:01:00,211.8,211.9
2017-04-13 10:01:01,211.8,211.9
2017-04-13 10:01:02,211.8,211.88
2017-04-13 10:01:03,211.91,211.99
2017-04-13 10:01:04,211.9,211.99
2017-04-13 10:01:05,211.8,211.97
2017-04-13 10:01:06,211.8,211.96
2017-04-13 10:01:07,211.85,211.96
2017-04-13 10:01:08,211.85,211.96
2017-04-13 10:01:09,211.85,211.96
2017-04-13 10:01:10,211.85,211.96
2017-04-13 10:01:11,211.85,211.96
2017-04-13 10:01:12,211.85,211.96
2017-04-13 10:01:13,211.85,211.95
2017-04-13 10:01:14,211.85,211.95
2017-04-13 10:01:15,211.85,211.95
2017-04-13 10:01:16,211.85,211.95
2017-04-13 10:01:17,211.85,211.95
2017-04-13 10:01:18,211.81,211.94
2017-04-13 10:01:19,211.81,211.94
2017-04-13 10:01:20,211.81,211.94
2017-04-13 10:01:21,211.81,211.94
2017-04-13 10:01:22,211.87,211.96
2017-04-13 10:01:23,211.87,211.96
2017-04-13 10:01:24,211.89,211.99
2017-04-13 10:01:25,211.93,212.03
2017-04-13 10:01:26,211.93,212.03
2017-04-13 10:01:27,211.93,212.03
2017-04-13 10:01:28,211.95,212.04
2017-04-13 10:01:29,211.96,212.04
2017-04-13 10:01:30,211.96,212.04
2017-04-13 10:01:31,211.97,212.04
2017-04-13 10:01:32,211.97,212.04
2017-04-13 10:01:33,211.96,212.04
2017-04-13 10:01:34,211.96,212.04
2017-04-13 10:01:35,211.96,212.04
2017-04-13 10:01:36,211.96,212.04
2017-04-13 10:01:37,211.96,212.04
2017-04-13 10:01:38,211.96,212.04
2017-04-13 10:01:39,211.96,212.04
2017-04-13 10:01:40,211.96,212.04
2017-04-13 10:01:41,211.97,212.04
2017-04-13 10:01:42,211.97,212.04
2017-04-13 10:01:43,211.97,212.04
2017-04-13 10:01:44,211.97,212.04
2017-04-13 10:01:45,211.97,212.1
2017-04-13 10:01:46,211.97,212.1
2017-04-13 10:01:47,211.99,212.1
2017-04-13 10:01:48,211.99,212.1
2017-04-13 10:01:49,212.03,212.09
2017-04-13 10:01:50,212.11,212.18
2017-04-13 10:01:51,212.14,212.19
2017-04-13 10:01:52,212.17,212.29
2017-04-13 10:01:53,212.17,212.29
2017-04-13 10:01:54,212.17,212.29
2017-04-13 10:01:55,212.17,212.29
2017-04-13 10:01:56,212.17,212.28
2017-04-13 10:01:57,212.16,212.27
2017-04-13 10:01:58,212.16,212.27
2017-04-13 10:01:59,212.16,212.27
2017-04-13 10:02:00,212.16,212.27
2017-04-13 10:02:01,212.16,212.27
2017-04-13 10:02:02,212.16,212.27
2017-04-13 10:02:03,212.18,212.26
2017-04-13 10:02:04,212.15,212.25
2017-04-13 10:02:05,212.15,212.24
2017-04-13 10:02:06,212.17,212.24
2017-04-13 10:02:07,212.17,212.24
2017-04-13 10:02:08,212.22,212.29
2017-04-13 10:02:09,212.35,212.43
2017-04-13 10:02:10,212.35,212.43
2017-04-13 10:02:11,212.35,212.43
2017-04-13 10:02:12,212.35,212.43
2017-04-13 10:02:13,212.35,212.43
2017-04-13 10:02:14,212.35,212.43
2017-04-13 10:02:15,212.35,212.43
2017-04-13 10:02:16,212.35,212.43
2017-04-13 10:02:17,212.35,212.43
2017-04-13 10:02:18,212.35,212.43
2017-04-13 10:02:19,212.36,212.5
2017-04-13 10:02:20,212.36,212.5
2017-04-13 10:02:21,212.36,212.5
2017-04-13 10:02:22,212.36,212.5
2017-04-13 10:02:23,212.52,212.6
2017-04-13 10:02:24,212.53,212.6
2017-04-13 10:02:25,212.38,212.55
2017-04-13 10:02:26,212.4,212.55
2017-04-13 10:02:27,212.39,212.56
2017-04-13 10:02:28,212.45,212.56
2017-04-13 10:02:29,212.45,212.56
2017-04-13 10:02:30,212.45,212.56
2017-04-13 10:02:31,212.45,212.56
2017-04-13 10:02:32,212.45,212.56
2017-04-13 10:02:33,212.56,212.68
2017-04-13 10:02:34,212.58,212.68
2017-04-13 10:02:35,212.54,212.68
2017-04-13 10:02:36,212.52,212.67
2017-04-13 10:02:37,212.52,212.67
2017-04-13 10:02:38,212.53,212.67
2017-04-13 10:02:39,212.53,212.66
2017-04-13 10:02:40,212.53,212.66
2017-04-13 10:02:41,212.52,212.67
2017-04-13 10:02:42,212.52,212.67
2017-04-13 10:02:43,212.52,212.67
2017-04-13 10:02:44,212.52,212.67
2017-04-13 10:02:45,212.52,212.67
2017-04-13 10:02:46,212.52,212.67
2017-04-13 10:02:47,212.52,212.67
2017-04-13 10:02:48,212.52,212.67
2017-04-13 10:02:49,212.52,212.67
2017-04-13 10:02:50,212.52,212.67
2017-04-13 10:02:51,212.52,212.67
2017-04-13 10:02:52,212.52,212.67
2017-04-13 10:02:53,212.52,212.67
2017-04-13 10:02:54,212.52,212.67
2017-04-13 10:02:55,212.53,212.66
2017-04-13 10:02:56,212.53,212.66
2017-04-13 10:02:57,212.54,212.66
2017-04-13 10:02:58,212.54,212.66
2017-04-13 10:02:59,212.54,212.66
2017-04-13 10:03:00,212.56,212.65
2017-04-13 10:03:01,212.55,212.65
2017-04-13 10:03:02,212.55,212.65
2017-04-13 10:03:03,212.56,212.65
2017-04-13 10:03:04,212.56,212.65
2017-04-13 10:03:05,212.58,212.69
2017-04-13 10:03:06,212.66,212.82
2017-04-13 10:03:07,212.66,212.84
2017-04-13 10:03:08,212.66,212.84
2017-04-13 10:03:09,212.68,212.83
2017-04-13 10:03:10,212.7,212.85
2017-04-13 10:03:11,212.84,212.92
2017-04-13 10:03:12,212.7,212.85
2017-04-13 10:03:13,212.7,212.85
2017-04-13 10:03:14,212.71,212.86
2017-04-13 10:03:15,212.72,212.86
2017-04-13 10:03:16,212.73,212.87
2017-04-13 10:03:17,212.81,212.9
2017-04-13 10:03:18,212.82,212.9
2017-04-13 10:03:19,212.83,212.91
2017-04-13 10:03:20,212.88,212.92
2017-04-13 10:03:21,212.88,212.92
2017-04-13 10:03:22,212.89,212.95
2017-04-13 10:03:23,212.91,212.96
2017-04-13 10:03:24,212.91,212.96
2017-04-13 10:03:25,212.9,212.96
2017-04-13 10:03:26,212.8,212.89
2017-04-13 10:03:27,212.8,212.9
2017-04-13 10:03:28,212.8,212.88
2017-04-13 10:03:29,212.81,212.88
2017-04-13 10:03:30,212.82,212.9
2017-04-13 10:03:31,212.82,212.9
2017-04-13 10:03:32,212.81,212.89
2017-04-13 10:03:33,212.81,212.89
2017-04-13 10:03:34,212.93,212.97
2017-04-13 10:03:35,212.99,213.1
2017-04-13 10:03:36,212.99,213.1
2017-04-13 10:03:37,213.0,213.1
2017-04-13 10:03:38,213.0,213.1
2017-04-13 10:03:39,213.0,213.09
2017-04-13 10:03:40,213.0,213.08
2017-04-13 10:03:41,212.99,213.07
2017-04-13 10:03:42,212.99,213.07
2017-04-13 10:03:43,212.99,213.07
2017-04-13 10:03:44,212.93,213.05
2017-04-13 10:03:45,212.93,213.05
2017-04-13 10:03:46,212.93,213.04
2017-04-13 10:03:47,212.94,213.04
2017-04-13 10:03:48,212.94,213.04
2017-04-13 10:03:49,212.93,213.0
2017-04-13 10:03:50,212.93,213.0
2017-04-13 10:03:51,212.69,212.85
2017-04-13 10:03:52,212.69,212.85
2017-04-13 10:03:53,212.69,212.85
2017-04-13 10:03:54,212.68,212.85
2017-04-13 10:03:55,212.69,212.85
2017-04-13 10:03:56,212.68,212.85
2017-04-13 10:03:57,212.69,212.85
2017-04-13 10:03:58,212.7,212.85
2017-04-13 10:03:59,212.7,212.85
2017-04-13 10:04:00,212.71,212.86
2017-04-13 10:04:01,212.73,212.86
2017-04-13 10:04:02,212.79,212.86
2017-04-13 10:04:03,212.75,212.87
2017-04-13 10:04:04,212.77,212.87
2017-04-13 10:04:05,212.77,212.87
2017-04-13 10:04:06,212.77,212.87
2017-04-13 10:04:07,212.77,212.87
2017-04-13 10:04:08,212.77,212.87
2017-04-13 10:04:09,212.77,212.87
2017-04-13 10:04:10,212.77,212.87
2017-04-13 10:04:11,212.77,212.87
2017-04-13 10:04:12,212.82,212.97
2017-04-13 10:04:13,212.84,212.97
2017-04-13 10:04:14,212.84,212.96
2017-04-13 10:04:15,212.85,212.96
2017-04-13 10:04:16,212.85,212.97
2017-04-13 10:04:17,212.85,212.97
2017-04-13 10:04:18,212.85,212.97
2017-04-13 10:04:19,212.89,212.97
2017-04-13 10:04:20,212.89,212.97
2017-04-13 10:04:21,212.9,212.99
2017-04-13 10:04:22,212.9,212.99
2017-04-13 10:04:23,212.91,212.99
2017-04-13 10:04:24,212.91,212.99
2017-04-13 10:04:25,212.91,212.99
2017-04-13 10:04:26,212.89,212.99
2017-04-13 10:04:27,212.89,212.99
2017-04-13 10:04:28,212.82,212.99
2017-04-13 10:04:29,212.82,212.99
2017-04-13 10:04:30,212.84,212.99
2017-04-13 10:04:31,212.84,212.99
2017-04-13 10:04:32,212.84,212.99
2017-04-13 10:04:33,212.83,212.99
2017-04-13 10:04:34,212.83,212.99
2017-04-13 10:04:35,212.83,212.99
2017-04-13 10:04:36,212.83,212.99
2017-04-13 10:04:37,212.83,212.98
2017-04-13 10:04:38,212.83,212.97
2017-04-13 10:04:39,212.83,212.97
2017-04-13 10:04:40,212.83,212.97
2017-04-13 10:04:41,212.83,212.97
2017-04-13 10:04:42,212.83,212.97
2017-04-13 10:04:43,212.84,212.97
2017-04-13 10:04:44,212.84,212.97
2017-04-13 10:04:45,212.84,212.97
2017-04-13 10:04:46,212.83,212.97
2017-04-13 10:04:47,212.83,212.96
2017-04-13 10:04:48,212.83,212.96
2017-04-13 10:04:49,212.83,212.96
2017-04-13 10:04:50,212.85,213.0
2017-04-13 10:04:51,212.85,213.0
2017-04-13 10:04:52,212.85,212.99
2017-04-13 10:04:53,212.85,212.99
2017-04-13 10:04:54,212.85,212.99
2017-04-13 10:04:55,212.85,212.99
2017-04-13 10:04:56,212.85,212.97
2017-04-13 10:04:57,212.85,212.95
2017-04-13 10:04:58,212.85,212.95
2017-04-13 10:04:59,212.85,212.95
2017-04-13 10:05:00,212.85,212.95
2017-04-13 10:05:01,212.86,212.95
2017-04-13 10:05:02,212.86,212.95
2017-04-13 10:05:03,212.86,212.93
2017-04-13 10:05:04,212.86,212.93
2017-04-13 10:05:05,212.86,212.93
2017-04-13 10:05:06,212.86,212.93
2017-04-13 10:05:07,212.86,212.93
2017-04-13 10:05:08,212.86,212.93
2017-04-13 10:05:09,212.86,212.9
2017-04-13 10:05:10,212.86,212.93
2017-04-13 10:05:11,212.86,212.93
2017-04-13 10:05:12,212.86,212.93
2017-04-13 10:05:13,212.86,212.93
2017-04-13 10:05:14,212.86,212.93
2017-04-13 10:05:15,212.86,212.93
2017-04-13 10:05:16,212.86,212.93
2017-04-13 10:05:17,212.86,212.93
2017-04-13 10:05:18,212.8,212.9
2017-04-13 10:05:19,212.74,212.86
2017-04-13 10:05:20,212.75,212.86
2017-04-13 10:05:21,212.75,212.86
2017-04-13 10:05:22,212.75,212.86
2017-04-13 10:05:23,212.75,212.85
2017-04-13 10:05:24,212.75,212.85
2017-04-13 10:05:25,212.75,212.85
2017-04-13 10:05:26,212.75,212.85
2017-04-13 10:05:27,212.75,212.84
2017-04-13 10:05:28,212.75,212.84
2017-04-13 10:05:29,212.75,212.84
2017-04-13 10:05:30,212.75,212.83
2017-04-13 10:05:31,212.75,212.83
2017-04-13 10:05:32,212.75,212.83
2017-04-13 10:05:33,212.78,212.85
2017-04-13 10:05:34,212.85,212.93
2017-04-13 10:05:35,212.86,212.92
2017-04-13 10:05:36,212.92,213.0
2017-04-13 10:05:37,212.97,213.04
2017-04-13 10:05:38,212.97,213.04
2017-04-13 10:05:39,212.97,213.04
2017-04-13 10:05:40,212.97,213.04
2017-04-13 10:05:41,212.97,213.04
2017-04-13 10:05:42,212.97,213.03
2017-04-13 10:05:43,212.96,213.01
2017-04-13 10:05:44,212.97,213.03
2017-04-13 10:05:45,212.98,213.03
2017-04-13 10:05:46,212.88,212.99
2017-04-13 10:05:47,212.8,213.01
2017-04-13 10:05:48,212.82,213.01
2017-04-13 10:05:49,212.82,213.01
2017-04-13 10:05:50,212.82,213.01
2017-04-13 10:05:51,212.82,213.01
2017-04-13 10:05:52,212.86,213.01
2017-04-13 10:05:53,212.86,213.01
2017-04-13 10:05:54,212.86,213.01
2017-04-13 10:05:55,212.86,213.01
2017-04-13 10:05:56,212.86,213.01
2017-04-13 10:05:57,212.86,213.01
2017-04-13 10:05:58,212.86,213.01
2017-04-13 10:05:59,212.86,213.01
2017-04-13 10:06:00,212.86,213.01
2017-04-13 10:06:01,212.86,213.01
2017-04-13 10:06:02,212.86,213.01
2017-04-13 10:06:03,212.86,213.01
2017-04-13 10:06:04,212.86,213.01
2017-04-13 10:06:05,212.86,213.01
2017-04-13 10:06:06,212.86,213.01
2017-04-13 10:06:07,212.86,213.01
2017-04-13 10:06:08,212.86,213.01
2017-04-13 10:06:09,212.86,213.01
2017-04-13 10:06:10,212.87,213.01
2017-04-13 10:06:11,212.87,213.01
2017-04-13 10:06:12,212.87,213.0
2017-04-13 10:06:13,212.87,213.0
2017-04-13 10:06:14,212.87,213.0
2017-04-13 10:06:15,212.87,213.0
2017-04-13 10:06:16,212.87,213.0
2017-04-13 10:06:17,212.87,213.0
2017-04-13 10:06:18,212.87,213.0
2017-04-13 10:06:19,212.94,213.0
2017-04-13 10:06:20,212.94,213.05
2017-04-13 10:06:21,212.94,213.05
2017-04-13 10:06:22,212.94,213.05
2017-04-13 10:06:23,212.95,213.05
2017-04-13 10:06:24,212.96,213.05
2017-04-13 10:06:25,212.95,213.05
2017-04-13 10:06:26,212.95,213.0
2017-04-13 10:06:27,212.95,213.0
2017-04-13 10:06:28,212.95,213.0
2017-04-13 10:06:29,212.95,213.0
2017-04-13 10:06:30,212.95,213.0
2017-04-13 10:06:31,213.01,213.04
2017-04-13 10:06:32,213.01,213.04
2017-04-13 10:06:33,213.01,213.04
2017-04-13 10:06:34,213.01,213.04
2017-04-13 10:06:35,213.01,213.04
2017-04-13 10:06:36,213.01,213.04
2017-04-13 10:06:37,212.94,212.98
2017-04-13 10:06:38,212.99,213.03
2017-04-13 10:06:39,212.99,213.04
2017-04-13 10:06:40,212.99,213.04
2017-04-13 10:06:41,212.99,213.04
2017-04-13 10:06:42,212.99,213.04
2017-04-13 10:06:43,212.94,213.03
2017-04-13 10:06:44,212.94,213.03
2017-04-13 10:06:45,212.89,213.01
2017-04-13 10:06:46,212.89,213.01
2017-04-13 10:06:47,212.9,213.01
2017-04-13 10:06:48,212.9,213.0
2017-04-13 10:06:49,212.9,213.0
2017-04-13 10:06:50,212.9,213.0
2017-04-13 10:06:51,212.9,213.0
2017-04-13 10:06:52,212.9,213.0
2017-04-13 10:06:53,212.9,213.0
2017-04-13 10:06:54,212.9,213.0
2017-04-13 10:06:55,212.9,212.99
2017-04-13 10:06:56,212.9,212.99
2017-04-13 10:06:57,212.9,212.99
2017-04-13 10:06:58,212.9,212.99
2017-04-13 10:06:59,212.9,212.99
2017-04-13 10:07:00,212.9,212.99
2017-04-13 10:07:01,212.9,212.99
2017-04-13 10:07:02,212.9,212.99
2017-04-13 10:07:03,212.91,212.99
2017-04-13 10:07:04,212.91,212.99
2017-04-13 10:07:05,212.91,212.99
2017-04-13 10:07:06,212.91,212.99
2017-04-13 10:07:07,212.91,212.99
2017-04-13 10:07:08,212.91,212.99
2017-04-13 10:07:09,212.91,212.96
2017-04-13 10:07:10,212.9,212.97
2017-04-13 10:07:11,212.9,212.97
2017-04-13 10:07:12,212.9,212.97
2017-04-13 10:07:13,212.87,212.9
2017-04-13 10:07:14,212.86,212.9
2017-04-13 10:07:15,212.86,212.9
2017-04-13 10:07:16,212.87,212.9
2017-04-13 10:07:17,212.87,212.9
2017-04-13 10:07:18,212.87,212.9
2017-04-13 10:07:19,212.96,213.0
2017-04-13 10:07:20,212.96,213.0
2017-04-13 10:07:21,212.96,213.0
2017-04-13 10:07:22,212.96,213.0
2017-04-13 10:07:23,212.96,213.0
2017-04-13 10:07:24,212.92,212.96
2017-04-13 10:07:25,212.91,212.95
2017-04-13 10:07:26,212.91,212.95
2017-04-13 10:07:27,212.91,212.93
2017-04-13 10:07:28,212.9,212.93
2017-04-13 10:07:29,212.9,212.92
2017-04-13 10:07:30,212.9,212.92
2017-04-13 10:07:31,212.9,212.92
2017-04-13 10:07:32,212.86,212.92
2017-04-13 10:07:33,212.76,212.83
2017-04-13 10:07:34,212.76,212.83
2017-04-13 10:07:35,212.76,212.83
2017-04-13 10:07:36,212.76,212.83
2017-04-13 10:07:37,212.73,212.8
2017-04-13 10:07:38,212.7,212.77
2017-04-13 10:07:39,212.7,212.77
2017-04-13 10:07:40,212.64,212.77
2017-04-13 10:07:41,212.64,212.77
2017-04-13 10:07:42,212.64,212.77
2017-04-13 10:07:43,212.64,212.77
2017-04-13 10:07:44,212.64,212.77
2017-04-13 10:07:45,212.64,212.77
2017-04-13 10:07:46,212.64,212.77
2017-04-13 10:07:47,212.64,212.77
2017-04-13 10:07:48,212.64,212.77
2017-04-13 10:07:49,212.64,212.76
2017-04-13 10:07:50,212.64,212.76
2017-04-13 10:07:51,212.64,212.76
2017-04-13 10:07:52,212.64,212.74
2017-04-13 10:07:53,212.64,212.75
2017-04-13 10:07:54,212.62,212.68
2017-04-13 10:07:55,212.62,212.68
2017-04-13 10:07:56,212.62,212.68
2017-04-13 10:07:57,212.62,212.68
2017-04-13 10:07:58,212.62,212.68
2017-04-13 10:07:59,212.62,212.69
2017-04-13 10:08:00,212.62,212.69
2017-04-13 10:08:01,212.62,212.69
2017-04-13 10:08:02,212.67,212.72
2017-04-13 10:08:03,212.67,212.72
2017-04-13 10:08:04,212.67,212.72
2017-04-13 10:08:05,212.67,212.72
2017-04-13 10:08:06,212.67,212.72
2017-04-13 10:08:07,212.67,212.72
2017-04-13 10:08:08,212.67,212.72
2017-04-13 10:08:09,212.67,212.72
2017-04-13 10:08:10,212.67,212.72
2017-04-13 10:08:11,212.67,212.71
2017-04-13 10:08:12,212.67,212.72
2017-04-13 10:08:13,212.67,212.72
2017-04-13 10:08:14,212.67,212.72
2017-04-13 10:08:15,212.67,212.72
2017-04-13 10:08:16,212.67,212.72
2017-04-13 10:08:17,212.67,212.72
2017-04-13 10:08:18,212.67,212.72
2017-04-13 10:08:19,212.67,212.72
2017-04-13 10:08:20,212.67,212.72
2017-04-13 10:08:21,212.7,212.75
2017-04-13 10:08:22,212.7,212.75
2017-04-13 10:08:23,212.77,212.81
2017-04-13 10:08:24,212.76,212.81
2017-04-13 10:08:25,212.78,212.81
2017-04-13 10:08:26,212.78,212.84
2017-04-13 10:08:27,212.78,212.91
2017-04-13 10:08:28,212.88,212.99
2017-04-13 10:08:29,212.94,212.99
2017-04-13 10:08:30,212.94,212.98
2017-04-13 10:08:31,212.95,212.98
2017-04-13 10:08:32,212.89,212.92
2017-04-13 10:08:33,212.89,212.96
2017-04-13 10:08:34,212.89,212.93
2017-04-13 10:08:35,212.89,212.93
2017-04-13 10:08:36,212.94,213.03
2017-04-13 10:08:37,213.02,213.1
2017-04-13 10:08:38,213.02,213.1
2017-04-13 10:08:39,213.02,213.1
2017-04-13 10:08:40,213.02,213.09
2017-04-13 10:08:41,213.02,213.09
2017-04-13 10:08:42,213.02,213.09
2017-04-13 10:08:43,212.92,213.07
2017-04-13 10:08:44,212.92,213.03
2017-04-13 10:08:45,212.91,213.01
2017-04-13 10:08:46,212.92,213.01
2017-04-13 10:08:47,212.92,213.01
2017-04-13 10:08:48,212.97,213.01
2017-04-13 10:08:49,212.98,213.01
2017-04-13 10:08:50,212.97,213.03
2017-04-13 10:08:51,212.97,213.03
2017-04-13 10:08:52,212.97,213.03
2017-04-13 10:08:53,212.97,213.03
2017-04-13 10:08:54,212.99,213.09
2017-04-13 10:08:55,212.99,213.07
2017-04-13 10:08:56,212.98,213.07
2017-04-13 10:08:57,212.97,213.07
2017-04-13 10:08:58,212.96,213.02
2017-04-13 10:08:59,212.96,213.02
2017-04-13 10:09:00,212.93,212.97
2017-04-13 10:09:01,212.93,212.97
2017-04-13 10:09:02,212.93,212.97
2017-04-13 10:09:03,212.93,212.97
2017-04-13 10:09:04,212.93,212.97
2017-04-13 10:09:05,212.93,212.97
2017-04-13 10:09:06,212.93,212.96
2017-04-13 10:09:07,212.93,212.96
2017-04-13 10:09:08,212.93,212.96
2017-04-13 10:09:09,212.96,213.02
2017-04-13 10:09:10,213.15,213.2
2017-04-13 10:09:11,213.17,213.2
2017-04-13 10:09:12,213.15,213.18
2017-04-13 10:09:13,213.15,213.18
2017-04-13 10:09:14,213.16,213.19
2017-04-13 10:09:15,213.24,213.41
2017-04-13 10:09:16,213.24,213.41
2017-04-13 10:09:17,213.32,213.45
2017-04-13 10:09:18,213.32,213.44
2017-04-13 10:09:19,213.32,213.44
2017-04-13 10:09:20,213.34,213.43
2017-04-13 10:09:21,213.34,213.43
2017-04-13 10:09:22,213.24,213.37
2017-04-13 10:09:23,213.24,213.33
2017-04-13 10:09:24,213.24,213.33
2017-04-13 10:09:25,213.24,213.32
2017-04-13 10:09:26,213.24,213.32
2017-04-13 10:09:27,213.24,213.32
2017-04-13 10:09:28,213.24,213.36
2017-04-13 10:09:29,213.26,213.36
2017-04-13 10:09:30,213.26,213.36
2017-04-13 10:09:31,213.28,213.43
2017-04-13 10:09:32,213.28,213.43
2017-04-13 10:09:33,213.28,213.43
2017-04-13 10:09:34,213.26,213.43
2017-04-13 10:09:35,213.26,213.43
2017-04-13 10:09:36,213.26,213.43
2017-04-13 10:09:37,213.26,213.41
2017-04-13 10:09:38,213.26,213.41
2017-04-13 10:09:39,213.26,213.39
2017-04-13 10:09:40,213.3,213.57
2017-04-13 10:09:41,213.3,213.57
2017-04-13 10:09:42,213.3,213.56
2017-04-13 10:09:43,213.31,213.52
2017-04-13 10:09:44,213.31,213.52
2017-04-13 10:09:45,213.31,213.52
2017-04-13 10:09:46,213.35,213.52
2017-04-13 10:09:47,213.39,213.52
2017-04-13 10:09:48,213.42,213.52
2017-04-13 10:09:49,213.42,213.52
2017-04-13 10:09:50,213.42,213.51
2017-04-13 10:09:51,213.43,213.51
2017-04-13 10:09:52,213.38,213.5
2017-04-13 10:09:53,213.38,213.51
2017-04-13 10:09:54,213.38,213.51
2017-04-13 10:09:55,213.37,213.51
2017-04-13 10:09:56,213.39,213.5
2017-04-13 10:09:57,213.38,213.45
2017-04-13 10:09:58,213.38,213.45
2017-04-13 10:09:59,213.39,213.45
2017-04-13 10:10:00,213.39,213.47
2017-04-13 10:10:01,213.39,213.47
2017-04-13 10:10:02,213.39,213.47
2017-04-13 10:10:03,213.39,213.47
2017-04-13 10:10:04,213.39,213.47
2017-04-13 10:10:05,213.39,213.47
2017-04-13 10:10:06,213.38,213.46
2017-04-13 10:10:07,213.39,213.46
2017-04-13 10:10:08,213.39,213.46
2017-04-13 10:10:09,213.39,213.46
2017-04-13 10:10:10,213.39,213.45
2017-04-13 10:10:11,213.39,213.45
2017-04-13 10:10:12,213.39,213.45
2017-04-13 10:10:13,213.39,213.45
2017-04-13 10:10:14,213.4,213.45
2017-04-13 10:10:15,213.4,213.45
2017-04-13 10:10:16,213.4,213.45
2017-04-13 10:10:17,213.39,213.44
2017-04-13 10:10:18,213.39,213.44
2017-04-13 10:10:19,213.39,213.44
2017-04-13 10:10:20,213.4,213.5
2017-04-13 10:10:21,213.4,213.49
2017-04-13 10:10:22,213.54,213.56
2017-04-13 10:10:23,213.55,213.6
2017-04-13 10:10:24,213.55,213.6
2017-04-13 10:10:25,213.55,213.59
2017-04-13 10:10:26,213.51,213.53
2017-04-13 10:10:27,213.55,213.66
2017-04-13 10:10:28,213.56,213.66
2017-04-13 10:10:29,213.57,213.66
2017-04-13 10:10:30,213.62,213.73
2017-04-13 10:10:31,213.62,213.73
2017-04-13 10:10:32,213.62,213.72
2017-04-13 10:10:33,213.62,213.71
2017-04-13 10:10:34,213.63,213.71
2017-04-13 10:10:35,213.63,213.71
2017-04-13 10:10:36,213.64,213.71
2017-04-13 10:10:37,213.71,213.73
2017-04-13 10:10:38,213.7,213.87
2017-04-13 10:10:39,213.71,213.86
2017-04-13 10:10:40,213.71,213.82
2017-04-13 10:10:41,213.71,213.82
2017-04-13 10:10:42,213.71,213.82
2017-04-13 10:10:43,213.71,213.81
2017-04-13 10:10:44,213.71,213.79
2017-04-13 10:10:45,213.71,213.79
2017-04-13 10:10:46,213.71,213.79
2017-04-13 10:10:47,213.71,213.78
2017-04-13 10:10:48,213.71,213.78
2017-04-13 10:10:49,213.71,213.78
2017-04-13 10:10:50,213.71,213.78
2017-04-13 10:10:51,213.71,213.78
2017-04-13 10:10:52,213.58,213.69
2017-04-13 10:10:53,213.6,213.68
2017-04-13 10:10:54,213.62,213.74
2017-04-13 10:10:55,213.62,213.74
2017-04-13 10:10:56,213.62,213.72
2017-04-13 10:10:57,213.63,213.72
2017-04-13 10:10:58,213.63,213.72
2017-04-13 10:10:59,213.63,213.72
2017-04-13 10:11:00,213.63,213.72
2017-04-13 10:11:01,213.63,213.72
2017-04-13 10:11:02,213.63,213.72
2017-04-13 10:11:03,213.67,213.72
2017-04-13 10:11:04,213.67,213.7
2017-04-13 10:11:05,213.67,213.7
2017-04-13 10:11:06,213.64,213.68
2017-04-13 10:11:07,213.64,213.68
2017-04-13 10:11:08,213.63,213.65
2017-04-13 10:11:09,213.62,213.66
2017-04-13 10:11:10,213.61,213.65
2017-04-13 10:11:11,213.59,213.64
2017-04-13 10:11:12,213.59,213.66
2017-04-13 10:11:13,213.59,213.66
2017-04-13 10:11:14,213.59,213.66
2017-04-13 10:11:15,213.59,213.66
2017-04-13 10:11:16,213.59,213.66
2017-04-13 10:11:17,213.6,213.7
2017-04-13 10:11:18,213.6,213.7
2017-04-13 10:11:19,213.63,213.86
2017-04-13 10:11:20,213.66,213.86
2017-04-13 10:11:21,213.72,213.85
2017-04-13 10:11:22,213.72,213.85
2017-04-13 10:11:23,213.72,213.85
2017-04-13 10:11:24,213.72,213.84
2017-04-13 10:11:25,213.72,213.84
2017-04-13 10:11:26,213.72,213.84
2017-04-13 10:11:27,213.72,213.84
2017-04-13 10:11:28,213.72,213.84
2017-04-13 10:11:29,213.72,213.84
2017-04-13 10:11:30,213.72,213.84
2017-04-13 10:11:31,213.73,213.83
2017-04-13 10:11:32,213.74,213.83
2017-04-13 10:11:33,213.75,213.83
2017-04-13 10:11:34,213.75,213.83
2017-04-13 10:11:35,213.75,213.83
2017-04-13 10:11:36,213.75,213.83
2017-04-13 10:11:37,213.75,213.83
2017-04-13 10:11:38,213.75,213.83
2017-04-13 10:11:39,213.75,213.84
2017-04-13 10:11:40,213.81,213.85
2017-04-13 10:11:41,213.81,213.85
2017-04-13 10:11:42,213.82,213.85
2017-04-13 10:11:43,213.78,213.82
2017-04-13 10:11:44,213.81,213.84
2017-04-13 10:11:45,213.81,213.84
2017-04-13 10:11:46,213.79,213.84
2017-04-13 10:11:47,213.8,213.85
2017-04-13 10:11:48,213.88,213.92
2017-04-13 10:11:49,213.88,213.92
2017-04-13 10:11:50,213.9,213.92
2017-04-13 10:11:51,213.9,213.92
2017-04-13 10:11:52,213.9,213.94
2017-04-13 10:11:53,213.9,213.94
2017-04-13 10:11:54,213.9,213.95
2017-04-13 10:11:55,213.9,213.95
2017-04-13 10:11:56,213.79,213.9
2017-04-13 10:11:57,213.79,213.89
2017-04-13 10:11:58,213.79,213.89
2017-04-13 10:11:59,213.79,213.89
2017-04-13 10:12:00,213.79,213.87
2017-04-13 10:12:01,213.75,213.86
2017-04-13 10:12:02,213.75,213.86
2017-04-13 10:12:03,213.75,213.86
2017-04-13 10:12:04,213.75,213.86
2017-04-13 10:12:05,213.75,213.84
2017-04-13 10:12:06,213.75,213.84
2017-04-13 10:12:07,213.75,213.84
2017-04-13 10:12:08,213.75,213.84
2017-04-13 10:12:09,213.75,213.84
2017-04-13 10:12:10,213.76,213.83
2017-04-13 10:12:11,213.76,213.83
2017-04-13 10:12:12,213.76,213.82
2017-04-13 10:12:13,213.63,213.74
2017-04-13 10:12:14,213.63,213.71
2017-04-13 10:12:15,213.63,213.71
2017-04-13 10:12:16,213.63,213.71
2017-04-13 10:12:17,213.63,213.71
2017-04-13 10:12:18,213.63,213.71
2017-04-13 10:12:19,213.63,213.71
2017-04-13 10:12:20,213.63,213.71
2017-04-13 10:12:21,213.63,213.71
2017-04-13 10:12:22,213.63,213.71
2017-04-13 10:12:23,213.64,213.71
2017-04-13 10:12:24,213.64,213.71
2017-04-13 10:12:25,213.64,213.71
2017-04-13 10:12:26,213.64,213.71
2017-04-13 10:12:27,213.64,213.71
2017-04-13 10:12:28,213.64,213.71
2017-04-13 10:12:29,213.64,213.71
2017-04-13 10:12:30,213.65,213.71
2017-04-13 10:12:31,213.65,213.71
2017-04-13 10:12:32,213.65,213.71
2017-04-13 10:12:33,213.65,213.71
2017-04-13 10:12:34,213.65,213.71
2017-04-13 10:12:35,213.65,213.7
2017-04-13 10:12:36,213.65,213.7
2017-04-13 10:12:37,213.65,213.69
2017-04-13 10:12:38,213.65,213.69
2017-04-13 10:12:39,213.65,213.69
2017-04-13 10:12:40,213.64,213.67
2017-04-13 10:12:41,213.64,213.68
2017-04-13 10:12:42,213.64,213.68
2017-04-13 10:12:43,213.64,213.68
2017-04-13 10:12:44,213.64,213.68
2017-04-13 10:12:45,213.64,213.68
2017-04-13 10:12:46,213.64,213.68
2017-04-13 10:12:47,213.64,213.68
2017-04-13 10:12:48,213.64,213.68
2017-04-13 10:12:49,213.64,213.68
2017-04-13 10:12:50,213.64,213.68
2017-04-13 10:12:51,213.64,213.68
2017-04-13 10:12:52,213.64,213.68
2017-04-13 10:12:53,213.64,213.68
2017-04-13 10:12:54,213.64,213.67
2017-04-13 10:12:55,213.68,213.74
2017-04-13 10:12:56,213.68,213.79
2017-04-13 10:12:57,213.69,213.79
2017-04-13 10:12:58,213.69,213.79
2017-04-13 10:12:59,213.69,213.79
2017-04-13 10:13:00,213.7,213.79
2017-04-13 10:13:01,213.71,213.79
2017-04-13 10:13:02,213.71,213.79
2017-04-13 10:13:03,213.71,213.79
2017-04-13 10:13:04,213.71,213.83
2017-04-13 10:13:05,213.73,213.79
2017-04-13 10:13:06,213.73,213.79
2017-04-13 10:13:07,213.76,213.88
2017-04-13 10:13:08,213.76,213.88
2017-04-13 10:13:09,213.76,213.89
2017-04-13 10:13:10,213.77,213.89
2017-04-13 10:13:11,213.77,213.89
2017-04-13 10:13:12,213.77,213.89
2017-04-13 10:13:13,213.77,213.88
2017-04-13 10:13:14,213.77,213.88
2017-04-13 10:13:15,213.77,213.83
2017-04-13 10:13:16,213.77,213.83
2017-04-13 10:13:17,213.79,213.86
2017-04-13 10:13:18,213.79,213.86
2017-04-13 10:13:19,213.79,213.86
2017-04-13 10:13:20,213.79,213.86
2017-04-13 10:13:21,213.79,213.86
2017-04-13 10:13:22,213.79,213.86
2017-04-13 10:13:23,213.79,213.86
2017-04-13 10:13:24,213.79,213.86
2017-04-13 10:13:25,213.79,213.86
2017-04-13 10:13:26,213.79,213.86
2017-04-13 10:13:27,213.79,213.88
2017-04-13 10:13:28,213.79,213.88
2017-04-13 10:13:29,213.79,213.88
2017-04-13 10:13:30,213.8,213.88
2017-04-13 10:13:31,213.81,213.89
2017-04-13 10:13:32,213.81,213.89
2017-04-13 10:13:33,213.81,213.89
2017-04-13 10:13:34,213.81,213.88
2017-04-13 10:13:35,213.81,213.87
2017-04-13 10:13:36,213.81,213.87
2017-04-13 10:13:37,213.81,213.87
2017-04-13 10:13:38,213.81,213.87
2017-04-13 10:13:39,213.81,213.88
2017-04-13 10:13:40,213.81,213.88
2017-04-13 10:13:41,213.81,213.88
2017-04-13 10:13:42,213.77,213.84
2017-04-13 10:13:43,213.77,213.84
2017-04-13 10:13:44,213.77,213.84
2017-04-13 10:13:45,213.76,213.79
2017-04-13 10:13:46,213.76,213.79
2017-04-13 10:13:47,213.76,213.79
2017-04-13 10:13:48,213.76,213.79
2017-04-13 10:13:49,213.76,213.79
2017-04-13 10:13:50,213.76,213.79
2017-04-13 10:13:51,213.76,213.79
2017-04-13 10:13:52,213.76,213.79
2017-04-13 10:13:53,213.76,213.79
2017-04-13 10:13:54,213.76,213.79
2017-04-13 10:13:55,213.75,213.79
2017-04-13 10:13:56,213.73,213.76
2017-04-13 10:13:57,213.7,213.78
2017-04-13 10:13:58,213.7,213.78
2017-04-13 10:13:59,213.68,213.77
2017-04-13 10:14:00,213.68,213.75
2017-04-13 10:14:01,213.68,213.75
2017-04-13 10:14:02,213.68,213.72
2017-04-13 10:14:03,213.68,213.72
2017-04-13 10:14:04,213.68,213.72
2017-04-13 10:14:05,213.68,213.72
2017-04-13 10:14:06,213.68,213.72
2017-04-13 10:14:07,213.74,213.8
2017-04-13 10:14:08,213.76,213.83
2017-04-13 10:14:09,213.8,213.85
2017-04-13 10:14:10,213.81,213.85
2017-04-13 10:14:11,213.82,213.89
2017-04-13 10:14:12,213.76,213.87
2017-04-13 10:14:13,213.81,213.86
2017-04-13 10:14:14,213.81,213.86
2017-04-13 10:14:15,213.81,213.87
2017-04-13 10:14:16,213.81,213.87
2017-04-13 10:14:17,213.81,213.87
2017-04-13 10:14:18,213.81,213.87
2017-04-13 10:14:19,213.81,213.87
2017-04-13 10:14:20,213.81,213.87
2017-04-13 10:14:21,213.81,213.87
2017-04-13 10:14:22,213.81,213.87
2017-04-13 10:14:23,213.81,213.87
2017-04-13 10:14:24,213.81,213.87
2017-04-13 10:14:25,213.81,213.87
2017-04-13 10:14:26,213.8,213.85
2017-04-13 10:14:27,213.8,213.85
2017-04-13 10:14:28,213.8,213.85
2017-04-13 10:14:29,213.8,213.85
2017-04-13 10:14:30,213.8,213.85
2017-04-13 10:14:31,213.8,213.85
2017-04-13 10:14:32,213.8,213.85
2017-04-13 10:14:33,213.8,213.85
2017-04-13 10:14:34,213.8,213.84
2017-04-13 10:14:35,213.8,213.84
2017-04-13 10:14:36,213.8,213.84
2017-04-13 10:14:37,213.8,213.84
2017-04-13 10:14:38,213.8,213.84
2017-04-13 10:14:39,213.78,213.84
2017-04-13 10:14:40,213.78,213.84
2017-04-13 10:14:41,213.78,213.84
2017-04-13 10:14:42,213.78,213.84
2017-04-13 10:14:43,213.78,213.84
2017-04-13 10:14:44,213.78,213.84
2017-04-13 10:14:45,213.78,213.84
2017-04-13 10:14:46,213.79,213.85
2017-04-13 10:14:47,213.79,213.85
2017-04-13 10:14:48,213.79,213.85
2017-04-13 10:14:49,213.83,213.89
2017-04-13 10:14:50,213.83,213.89
2017-04-13 10:14:51,213.83,213.89
2017-04-13 10:14:52,213.8,213.88
2017-04-13 10:14:53,213.75,213.85
2017-04-13 10:14:54,213.75,213.86
2017-04-13 10:14:55,213.75,213.86
2017-04-13 10:14:56,213.75,213.86
2017-04-13 10:14:57,213.76,213.86
2017-04-13 10:14:58,213.76,213.86
2017-04-13 10:14:59,213.76,213.86
2017-04-13 10:15:00,213.76,213.86
2017-04-13 10:15:01,213.75,213.85
2017-04-13 10:15:02,213.75,213.85
2017-04-13 10:15:03,213.75,213.85
2017-04-13 10:15:04,213.75,213.85
2017-04-13 10:15:05,213.75,213.83
2017-04-13 10:15:06,213.75,213.82
2017-04-13 10:15:07,213.69,213.77
2017-04-13 10:15:08,213.71,213.77
2017-04-13 10:15:09,213.72,213.77
2017-04-13 10:15:10,213.72,213.77
2017-04-13 10:15:11,213.72,213.77
2017-04-13 10:15:12,213.72,213.77
2017-04-13 10:15:13,213.72,213.77
2017-04-13 10:15:14,213.72,213.77
2017-04-13 10:15:15,213.72,213.77
2017-04-13 10:15:16,213.72,213.76
2017-04-13 10:15:17,213.72,213.76
2017-04-13 10:15:18,213.69,213.76
2017-04-13 10:15:19,213.69,213.75
2017-04-13 10:15:20,213.69,213.75
2017-04-13 10:15:21,213.69,213.73
2017-04-13 10:15:22,213.69,213.73
2017-04-13 10:15:23,213.69,213.73
2017-04-13 10:15:24,213.66,213.7
2017-04-13 10:15:25,213.56,213.67
2017-04-13 10:15:26,213.6,213.65
2017-04-13 10:15:27,213.61,213.65
2017-04-13 10:15:28,213.61,213.65
2017-04-13 10:15:29,213.61,213.65
2017-04-13 10:15:30,213.61,213.65
2017-04-13 10:15:31,213.61,213.65
2017-04-13 10:15:32,213.59,213.63
2017-04-13 10:15:33,213.6,213.63
2017-04-13 10:15:34,213.6,213.63
2017-04-13 10:15:35,213.6,213.63
2017-04-13 10:15:36,213.59,213.63
2017-04-13 10:15:37,213.59,213.63
2017-04-13 10:15:38,213.6,213.63
2017-04-13 10:15:39,213.56,213.6
2017-04-13 10:15:40,213.54,213.55
2017-04-13 10:15:41,213.45,213.55
2017-04-13 10:15:42,213.45,213.54
2017-04-13 10:15:43,213.45,213.52
2017-04-13 10:15:44,213.45,213.52
2017-04-13 10:15:45,213.5,213.56
2017-04-13 10:15:46,213.5,213.56
2017-04-13 10:15:47,213.5,213.56
2017-04-13 10:15:48,213.5,213.56
2017-04-13 10:15:49,213.5,213.56
2017-04-13 10:15:50,213.5,213.56
2017-04-13 10:15:51,213.5,213.56
2017-04-13 10:15:52,213.51,213.56
2017-04-13 10:15:53,213.5,213.56
2017-04-13 10:15:54,213.5,213.56
2017-04-13 10:15:55,213.5,213.56
2017-04-13 10:15:56,213.5,213.56
2017-04-13 10:15:57,213.5,213.56
2017-04-13 10:15:58,213.5,213.56
2017-04-13 10:15:59,213.5,213.56
2017-04-13 10:16:00,213.5,213.56
2017-04-13 10:16:01,213.5,213.56
2017-04-13 10:16:02,213.5,213.56
2017-04-13 10:16:03,213.5,213.56
2017-04-13 10:16:04,213.5,213.56
2017-04-13 10:16:05,213.5,213.56
2017-04-13 10:16:06,213.5,213.56
2017-04-13 10:16:07,213.5,213.56
2017-04-13 10:16:08,213.5,213.56
2017-04-13 10:16:09,213.58,213.69
2017-04-13 10:16:10,213.58,213.74
2017-04-13 10:16:11,213.64,213.74
2017-04-13 10:16:12,213.64,213.73
2017-04-13 10:16:13,213.64,213.73
2017-04-13 10:16:14,213.62,213.74
2017-04-13 10:16:15,213.62,213.72
2017-04-13 10:16:16,213.62,213.72
2017-04-13 10:16:17,213.63,213.71
2017-04-13 10:16:18,213.63,213.71
2017-04-13 10:16:19,213.63,213.71
2017-04-13 10:16:20,213.63,213.72
2017-04-13 10:16:21,213.63,213.72
2017-04-13 10:16:22,213.63,213.72
2017-04-13 10:16:23,213.63,213.72
2017-04-13 10:16:24,213.64,213.72
2017-04-13 10:16:25,213.64,213.72
2017-04-13 10:16:26,213.64,213.72
2017-04-13 10:16:27,213.64,213.72
2017-04-13 10:16:28,213.64,213.72
2017-04-13 10:16:29,213.64,213.71
2017-04-13 10:16:30,213.64,213.72
2017-04-13 10:16:31,213.64,213.71
2017-04-13 10:16:32,213.64,213.72
2017-04-13 10:16:33,213.64,213.71
2017-04-13 10:16:34,213.63,213.67
2017-04-13 10:16:35,213.63,213.67
2017-04-13 10:16:36,213.63,213.67
2017-04-13 10:16:37,213.59,213.65
2017-04-13 10:16:38,213.59,213.63
2017-04-13 10:16:39,213.59,213.63
2017-04-13 10:16:40,213.59,213.63
2017-04-13 10:16:41,213.59,213.6
2017-04-13 10:16:42,213.51,213.61
2017-04-13 10:16:43,213.51,213.61
2017-04-13 10:16:44,213.51,213.61
2017-04-13 10:16:45,213.51,213.61
2017-04-13 10:16:46,213.51,213.61
2017-04-13 10:16:47,213.51,213.61
2017-04-13 10:16:48,213.51,213.61
2017-04-13 10:16:49,213.51,213.61
2017-04-13 10:16:50,213.51,213.61
2017-04-13 10:16:51,213.51,213.61
2017-04-13 10:16:52,213.51,213.61
2017-04-13 10:16:53,213.51,213.61
2017-04-13 10:16:54,213.56,213.66
2017-04-13 10:16:55,213.56,213.66
2017-04-13 10:16:56,213.56,213.66
2017-04-13 10:16:57,213.56,213.66
2017-04-13 10:16:58,213.57,213.66
2017-04-13 10:16:59,213.57,213.66
2017-04-13 10:17:00,213.57,213.66
2017-04-13 10:17:01,213.6,213.66
2017-04-13 10:17:02,213.6,213.66
2017-04-13 10:17:03,213.6,213.66
2017-04-13 10:17:04,213.6,213.66
2017-04-13 10:17:05,213.6,213.66
2017-04-13 10:17:06,213.6,213.66
2017-04-13 10:17:07,213.6,213.66
2017-04-13 10:17:08,213.6,213.66
2017-04-13 10:17:09,213.6,213.66
2017-04-13 10:17:10,213.6,213.66
2017-04-13 10:17:11,213.6,213.66
2017-04-13 10:17:12,213.6,213.66
2017-04-13 10:17:13,213.6,213.66
2017-04-13 10:17:14,213.67,213.71
2017-04-13 10:17:15,213.67,213.71
2017-04-13 10:17:16,213.67,213.71
2017-04-13 10:17:17,213.67,213.71
2017-04-13 10:17:18,213.67,213.71
2017-04-13 10:17:19,213.67,213.71
2017-04-13 10:17:20,213.7,213.72
2017-04-13 10:17:21,213.72,213.74
2017-04-13 10:17:22,213.72,213.74
2017-04-13 10:17:23,213.72,213.74
2017-04-13 10:17:24,213.72,213.77
2017-04-13 10:17:25,213.72,213.77
2017-04-13 10:17:26,213.74,213.77
2017-04-13 10:17:27,213.74,213.77
2017-04-13 10:17:28,213.74,213.77
2017-04-13 10:17:29,213.74,213.77
2017-04-13 10:17:30,213.76,213.83
2017-04-13 10:17:31,213.76,213.83
2017-04-13 10:17:32,213.76,213.83
2017-04-13 10:17:33,213.76,213.83
2017-04-13 10:17:34,213.78,213.83
2017-04-13 10:17:35,213.78,213.83
2017-04-13 10:17:36,213.78,213.83
2017-04-13 10:17:37,213.78,213.82
2017-04-13 10:17:38,213.78,213.82
2017-04-13 10:17:39,213.78,213.82
2017-04-13 10:17:40,213.78,213.82
2017-04-13 10:17:41,213.78,213.82
2017-04-13 10:17:42,213.61,213.75
2017-04-13 10:17:43,213.61,213.67
2017-04-13 10:17:44,213.61,213.67
2017-04-13 10:17:45,213.61,213.67
2017-04-13 10:17:46,213.67,213.79
2017-04-13 10:17:47,213.67,213.79
2017-04-13 10:17:48,213.67,213.79
2017-04-13 10:17:49,213.67,213.78
2017-04-13 10:17:50,213.67,213.78
2017-04-13 10:17:51,213.67,213.78
2017-04-13 10:17:52,213.67,213.77
2017-04-13 10:17:53,213.67,213.77
2017-04-13 10:17:54,213.56,213.68
2017-04-13 10:17:55,213.49,213.61
2017-04-13 10:17:56,213.49,213.61
2017-04-13 10:17:57,213.45,213.61
2017-04-13 10:17:58,213.45,213.61
2017-04-13 10:17:59,213.45,213.6
2017-04-13 10:18:00,213.42,213.6
2017-04-13 10:18:01,213.42,213.59
2017-04-13 10:18:02,213.41,213.59
2017-04-13 10:18:03,213.41,213.59
2017-04-13 10:18:04,213.41,213.59
2017-04-13 10:18:05,213.42,213.59
2017-04-13 10:18:06,213.42,213.59
2017-04-13 10:18:07,213.42,213.59
2017-04-13 10:18:08,213.42,213.59
2017-04-13 10:18:09,213.42,213.59
2017-04-13 10:18:10,213.42,213.59
2017-04-13 10:18:11,213.42,213.59
2017-04-13 10:18:12,213.42,213.59
2017-04-13 10:18:13,213.38,213.53
2017-04-13 10:18:14,213.33,213.47
2017-04-13 10:18:15,213.39,213.45
2017-04-13 10:18:16,213.39,213.45
2017-04-13 10:18:17,213.39,213.45
2017-04-13 10:18:18,213.33,213.44
2017-04-13 10:18:19,213.33,213.42
2017-04-13 10:18:20,213.24,213.39
2017-04-13 10:18:21,213.25,213.37
2017-04-13 10:18:22,213.26,213.37
2017-04-13 10:18:23,213.28,213.37
2017-04-13 10:18:24,213.28,213.36
2017-04-13 10:18:25,213.28,213.35
2017-04-13 10:18:26,213.28,213.35
2017-04-13 10:18:27,213.28,213.35
2017-04-13 10:18:28,213.28,213.35
2017-04-13 10:18:29,213.28,213.35
2017-04-13 10:18:30,213.28,213.33
2017-04-13 10:18:31,213.28,213.34
2017-04-13 10:18:32,213.28,213.34
2017-04-13 10:18:33,213.28,213.33
2017-04-13 10:18:34,213.28,213.34
2017-04-13 10:18:35,213.28,213.34
2017-04-13 10:18:36,213.28,213.34
2017-04-13 10:18:37,213.29,213.34
2017-04-13 10:18:38,213.29,213.34
2017-04-13 10:18:39,213.3,213.37
2017-04-13 10:18:40,213.35,213.38
2017-04-13 10:18:41,213.39,213.43
2017-04-13 10:18:42,213.39,213.43
2017-04-13 10:18:43,213.39,213.43
2017-04-13 10:18:44,213.39,213.43
2017-04-13 10:18:45,213.39,213.43
2017-04-13 10:18:46,213.4,213.46
2017-04-13 10:18:47,213.4,213.46
2017-04-13 10:18:48,213.4,213.46
2017-04-13 10:18:49,213.4,213.46
2017-04-13 10:18:50,213.42,213.54
2017-04-13 10:18:51,213.42,213.47
2017-04-13 10:18:52,213.45,213.54
2017-04-13 10:18:53,213.46,213.54
2017-04-13 10:18:54,213.46,213.54
2017-04-13 10:18:55,213.44,213.54
2017-04-13 10:18:56,213.44,213.54
2017-04-13 10:18:57,213.46,213.54
2017-04-13 10:18:58,213.46,213.54
2017-04-13 10:18:59,213.46,213.54
2017-04-13 10:19:00,213.46,213.54
2017-04-13 10:19:01,213.47,213.53
2017-04-13 10:19:02,213.47,213.53
2017-04-13 10:19:03,213.47,213.53
2017-04-13 10:19:04,213.47,213.52
2017-04-13 10:19:05,213.47,213.49
2017-04-13 10:19:06,213.47,213.49
2017-04-13 10:19:07,213.47,213.48
2017-04-13 10:19:08,213.47,213.49
2017-04-13 10:19:09,213.47,213.49
2017-04-13 10:19:10,213.47,213.49
2017-04-13 10:19:11,213.47,213.49
2017-04-13 10:19:12,213.47,213.67
2017-04-13 10:19:13,213.47,213.67
2017-04-13 10:19:14,213.49,213.67
2017-04-13 10:19:15,213.49,213.67
2017-04-13 10:19:16,213.5,213.67
2017-04-13 10:19:17,213.51,213.68
2017-04-13 10:19:18,213.51,213.66
2017-04-13 10:19:19,213.52,213.64
2017-04-13 10:19:20,213.52,213.69
2017-04-13 10:19:21,213.52,213.67
2017-04-13 10:19:22,213.52,213.67
