datetime,direct.bid1,direct.ask1
2017-04-13 09:30:00,173.2,173.61
2017-04-13 09:30:01,173.37,173.5
2017-04-13 09:30:02,173.25,173.6
2017-04-13 09:30:03,173.23,173.61
2017-04-13 09:30:04,173.23,173.61
2017-04-13 09:30:05,173.23,173.6
2017-04-13 09:30:06,173.23,173.6
2017-04-13 09:30:07,173.23,173.6
2017-04-13 09:30:08,173.23,173.6
2017-04-13 09:30:09,173.29,173.59
2017-04-13 09:30:10,173.29,173.59
2017-04-13 09:30:11,173.29,173.59
2017-04-13 09:30:12,173.29,173.59
2017-04-13 09:30:13,173.29,173.59
2017-04-13 09:30:14,173.29,173.59
2017-04-13 09:30:15,173.29,173.59
2017-04-13 09:30:16,173.29,173.59
2017-04-13 09:30:17,173.29,173.59
2017-04-13 09:30:18,173.3,173.59
2017-04-13 09:30:19,173.3,173.56
2017-04-13 09:30:20,173.3,173.56
2017-04-13 09:30:21,173.3,173.47
2017-04-13 09:30:22,173.3,173.47
2017-04-13 09:30:23,173.3,173.47
2017-04-13 09:30:24,173.3,173.46
2017-04-13 09:30:25,173.12,173.3
2017-04-13 09:30:26,173.12,173.3
2017-04-13 09:30:27,173.12,173.3
2017-04-13 09:30:28,173.12,173.3
2017-04-13 09:30:29,173.12,173.27
2017-04-13 09:30:30,173.12,173.27
2017-04-13 09:30:31,173.12,173.27
2017-04-13 09:30:32,173.12,173.27
2017-04-13 09:30:33,173.12,173.27
2017-04-13 09:30:34,173.12,173.26
2017-04-13 09:30:35,173.12,173.26
2017-04-13 09:30:36,173.12,173.26
2017-04-13 09:30:37,173.12,173.26
2017-04-13 09:30:38,173.12,173.26
2017-04-13 09:30:39,173.12,173.25
2017-04-13 09:30:40,173.12,173.25
2017-04-13 09:30:41,173.12,173.25
2017-04-13 09:30:42,173.12,173.25
2017-04-13 09:30:43,173.12,173.25
2017-04-13 09:30:44,173.12,173.22
2017-04-13 09:30:45,173.12,173.22
2017-04-13 09:30:46,173.27,173.47
2017-04-13 09:30:47,173.27,173.47
2017-04-13 09:30:48,173.27,173.47
2017-04-13 09:30:49,173.27,173.47
2017-04-13 09:30:50,173.27,173.47
2017-04-13 09:30:51,173.27,173.47
2017-04-13 09:30:52,173.27,173.47
2017-04-13 09:30:53,173.27,173.47
2017-04-13 09:30:54,173.27,173.47
2017-04-13 09:30:55,173.27,173.47
2017-04-13 09:30:56,173.27,173.47
2017-04-13 09:30:57,173.27,173.47
2017-04-13 09:30:58,173.27,173.47
2017-04-13 09:30:59,173.27,173.47
2017-04-13 09:31:00,173.27,173.47
2017-04-13 09:31:01,173.27,173.47
2017-04-13 09:31:02,173.31,174.0
2017-04-13 09:31:03,173.31,174.0
2017-04-13 09:31:04,173.31,174.0
2017-04-13 09:31:05,173.31,173.99
2017-04-13 09:31:06,173.35,173.99
2017-04-13 09:31:07,173.35,173.99
2017-04-13 09:31:08,173.4,173.99
2017-04-13 09:31:09,173.4,173.99
2017-04-13 09:31:10,173.4,173.99
2017-04-13 09:31:11,173.4,173.99
2017-04-13 09:31:12,173.4,173.99
2017-04-13 09:31:13,173.4,173.99
2017-04-13 09:31:14,173.4,173.99
2017-04-13 09:31:15,173.4,173.99
2017-04-13 09:31:16,173.4,173.99
2017-04-13 09:31:17,173.4,173.99
2017-04-13 09:31:18,173.4,173.99
2017-04-13 09:31:19,173.4,173.99
2017-04-13 09:31:20,173.4,173.99
2017-04-13 09:31:21,173.4,173.99
2017-04-13 09:31:22,173.4,173.99
2017-04-13 09:31:23,173.4,173.99
2017-04-13 09:31:24,173.4,173.99
2017-04-13 09:31:25,173.4,173.99
2017-04-13 09:31:26,173.4,173.99
2017-04-13 09:31:27,173.4,173.99
2017-04-13 09:31:28,173.4,173.99
2017-04-13 09:31:29,173.4,173.99
2017-04-13 09:31:30,173.4,173.99
2017-04-13 09:31:31,173.4,173.99
2017-04-13 09:31:32,173.4,173.99
2017-04-13 09:31:33,173.4,173.99
2017-04-13 09:31:34,173.4,173.99
2017-04-13 09:31:35,173.4,173.99
2017-04-13 09:31:36,173.4,173.99
2017-04-13 09:31:37,173.4,173.99
2017-04-13 09:31:38,173.4,173.99
2017-04-13 09:31:39,173.4,173.98
2017-04-13 09:31:40,173.4,173.98
2017-04-13 09:31:41,173.4,173.98
2017-04-13 09:31:42,173.4,173.98
2017-04-13 09:31:43,173.4,173.98
2017-04-13 09:31:44,173.4,173.98
2017-04-13 09:31:45,173.4,173.8
2017-04-13 09:31:46,173.4,173.79
2017-04-13 09:31:47,173.5,173.79
2017-04-13 09:31:48,173.5,173.79
2017-04-13 09:31:49,173.5,173.79
2017-04-13 09:31:50,173.5,173.79
2017-04-13 09:31:51,173.5,173.79
2017-04-13 09:31:52,173.5,173.79
2017-04-13 09:31:53,173.5,173.79
2017-04-13 09:31:54,173.5,173.79
2017-04-13 09:31:55,173.6,173.79
2017-04-13 09:31:56,173.6,173.93
2017-04-13 09:31:57,173.6,173.93
2017-04-13 09:31:58,173.6,173.93
2017-04-13 09:31:59,173.6,173.93
2017-04-13 09:32:00,173.6,173.93
2017-04-13 09:32:01,173.6,173.93
2017-04-13 09:32:02,173.6,173.93
2017-04-13 09:32:03,173.6,173.93
2017-04-13 09:32:04,173.6,173.93
2017-04-13 09:32:05,173.6,173.93
2017-04-13 09:32:06,173.7,173.93
2017-04-13 09:32:07,173.7,173.93
2017-04-13 09:32:08,173.7,173.93
2017-04-13 09:32:09,173.7,173.93
2017-04-13 09:32:10,173.7,173.93
2017-04-13 09:32:11,173.7,173.93
2017-04-13 09:32:12,173.7,173.93
2017-04-13 09:32:13,173.7,173.93
2017-04-13 09:32:14,173.7,173.93
2017-04-13 09:32:15,173.7,173.93
2017-04-13 09:32:16,173.72,173.96
2017-04-13 09:32:17,173.72,174.06
2017-04-13 09:32:18,173.72,174.07
2017-04-13 09:32:19,173.72,174.07
2017-04-13 09:32:20,173.72,174.07
2017-04-13 09:32:21,173.72,174.07
2017-04-13 09:32:22,173.72,174.07
2017-04-13 09:32:23,173.72,174.07
2017-04-13 09:32:24,173.72,174.07
2017-04-13 09:32:25,173.72,174.07
2017-04-13 09:32:26,173.72,174.07
2017-04-13 09:32:27,173.72,174.07
2017-04-13 09:32:28,173.72,174.07
2017-04-13 09:32:29,173.72,174.07
2017-04-13 09:32:30,173.72,174.07
2017-04-13 09:32:31,173.72,174.07
2017-04-13 09:32:32,173.72,174.07
2017-04-13 09:32:33,173.72,174.07
2017-04-13 09:32:34,173.72,174.07
2017-04-13 09:32:35,173.72,174.0
2017-04-13 09:32:36,173.72,174.0
2017-04-13 09:32:37,173.72,174.0
2017-04-13 09:32:38,173.72,174.0
2017-04-13 09:32:39,173.72,174.0
2017-04-13 09:32:40,173.72,174.0
2017-04-13 09:32:41,173.72,174.0
2017-04-13 09:32:42,173.72,174.0
2017-04-13 09:32:43,173.72,174.0
2017-04-13 09:32:44,173.72,174.0
2017-04-13 09:32:45,173.72,173.92
2017-04-13 09:32:46,173.72,173.92
2017-04-13 09:32:47,173.72,173.92
2017-04-13 09:32:48,173.72,173.92
2017-04-13 09:32:49,173.72,173.92
2017-04-13 09:32:50,173.72,173.92
2017-04-13 09:32:51,173.72,173.92
2017-04-13 09:32:52,173.72,173.92
2017-04-13 09:32:53,173.72,173.92
2017-04-13 09:32:54,173.72,173.92
2017-04-13 09:32:55,173.72,173.92
2017-04-13 09:32:56,173.72,173.92
2017-04-13 09:32:57,173.72,173.92
2017-04-13 09:32:58,173.72,173.91
2017-04-13 09:32:59,173.88,174.07
2017-04-13 09:33:00,174.07,174.37
2017-04-13 09:33:01,174.07,174.37
2017-04-13 09:33:02,174.07,174.37
2017-04-13 09:33:03,174.07,174.37
2017-04-13 09:33:04,174.07,174.37
2017-04-13 09:33:05,174.07,174.37
2017-04-13 09:33:06,174.07,174.37
2017-04-13 09:33:07,174.07,174.37
2017-04-13 09:33:08,174.07,174.37
2017-04-13 09:33:09,174.07,174.37
2017-04-13 09:33:10,174.07,174.37
2017-04-13 09:33:11,174.07,174.37
2017-04-13 09:33:12,174.07,174.36
2017-04-13 09:33:13,173.88,174.14
2017-04-13 09:33:14,173.73,174.21
2017-04-13 09:33:15,173.73,174.21
2017-04-13 09:33:16,173.73,174.21
2017-04-13 09:33:17,173.73,174.21
2017-04-13 09:33:18,173.73,174.2
2017-04-13 09:33:19,173.73,174.2
2017-04-13 09:33:20,173.73,174.2
2017-04-13 09:33:21,173.73,174.2
2017-04-13 09:33:22,173.73,174.2
2017-04-13 09:33:23,173.73,174.2
2017-04-13 09:33:24,173.73,174.2
2017-04-13 09:33:25,173.73,174.2
2017-04-13 09:33:26,173.73,174.2
2017-04-13 09:33:27,173.73,174.2
2017-04-13 09:33:28,173.73,174.2
2017-04-13 09:33:29,173.73,174.2
2017-04-13 09:33:30,173.72,174.1
2017-04-13 09:33:31,173.69,174.1
2017-04-13 09:33:32,173.69,174.1
2017-04-13 09:33:33,173.69,174.1
2017-04-13 09:33:34,173.69,174.1
2017-04-13 09:33:35,173.69,174.09
2017-04-13 09:33:36,173.69,174.08
2017-04-13 09:33:37,173.69,174.08
2017-04-13 09:33:38,173.69,174.08
2017-04-13 09:33:39,173.69,174.08
2017-04-13 09:33:40,173.69,174.08
2017-04-13 09:33:41,173.69,174.08
2017-04-13 09:33:42,173.59,174.07
2017-04-13 09:33:43,173.59,174.07
2017-04-13 09:33:44,173.59,174.06
2017-04-13 09:33:45,173.59,174.06
2017-04-13 09:33:46,173.59,174.06
2017-04-13 09:33:47,173.59,174.06
2017-04-13 09:33:48,173.59,174.06
2017-04-13 09:33:49,173.59,174.06
2017-04-13 09:33:50,173.59,174.06
2017-04-13 09:33:51,173.59,174.06
2017-04-13 09:33:52,173.59,174.06
2017-04-13 09:33:53,173.61,174.06
2017-04-13 09:33:54,173.61,174.06
2017-04-13 09:33:55,173.61,174.06
2017-04-13 09:33:56,173.61,174.06
2017-04-13 09:33:57,173.61,174.06
2017-04-13 09:33:58,173.61,174.06
2017-04-13 09:33:59,173.61,174.06
2017-04-13 09:34:00,173.61,174.06
2017-04-13 09:34:01,173.61,174.06
2017-04-13 09:34:02,173.61,174.06
2017-04-13 09:34:03,173.61,174.06
2017-04-13 09:34:04,173.61,174.06
2017-04-13 09:34:05,173.61,174.06
2017-04-13 09:34:06,173.61,174.06
2017-04-13 09:34:07,173.61,174.06
2017-04-13 09:34:08,173.61,174.06
2017-04-13 09:34:09,173.61,174.06
2017-04-13 09:34:10,173.61,174.06
2017-04-13 09:34:11,173.61,174.03
2017-04-13 09:34:12,173.61,174.03
2017-04-13 09:34:13,173.61,174.02
2017-04-13 09:34:14,173.61,174.02
2017-04-13 09:34:15,173.61,174.02
2017-04-13 09:34:16,173.61,174.02
2017-04-13 09:34:17,173.61,174.02
2017-04-13 09:34:18,173.61,174.02
2017-04-13 09:34:19,173.61,174.02
2017-04-13 09:34:20,173.61,174.02
2017-04-13 09:34:21,173.61,174.01
2017-04-13 09:34:22,173.61,174.01
2017-04-13 09:34:23,173.61,174.01
2017-04-13 09:34:24,173.61,174.01
2017-04-13 09:34:25,173.61,174.01
2017-04-13 09:34:26,173.61,173.96
2017-04-13 09:34:27,173.61,173.96
2017-04-13 09:34:28,173.61,173.96
2017-04-13 09:34:29,173.61,173.96
2017-04-13 09:34:30,173.61,173.96
2017-04-13 09:34:31,173.61,173.95
2017-04-13 09:34:32,173.61,173.95
2017-04-13 09:34:33,173.61,173.95
2017-04-13 09:34:34,173.61,173.95
2017-04-13 09:34:35,173.61,173.95
2017-04-13 09:34:36,173.61,173.95
2017-04-13 09:34:37,173.61,173.95
2017-04-13 09:34:38,173.61,173.95
2017-04-13 09:34:39,173.62,173.95
2017-04-13 09:34:40,173.62,173.95
2017-04-13 09:34:41,173.61,173.95
2017-04-13 09:34:42,173.61,173.95
2017-04-13 09:34:43,173.61,173.95
2017-04-13 09:34:44,173.61,173.95
2017-04-13 09:34:45,173.61,173.95
2017-04-13 09:34:46,173.61,173.95
2017-04-13 09:34:47,173.61,173.95
2017-04-13 09:34:48,173.61,173.95
2017-04-13 09:34:49,173.61,173.95
2017-04-13 09:34:50,173.61,173.94
2017-04-13 09:34:51,173.65,173.94
2017-04-13 09:34:52,173.65,173.94
2017-04-13 09:34:53,173.65,173.94
2017-04-13 09:34:54,173.65,173.94
2017-04-13 09:34:55,173.66,173.94
2017-04-13 09:34:56,173.66,173.94
2017-04-13 09:34:57,173.66,173.94
2017-04-13 09:34:58,173.66,173.94
2017-04-13 09:34:59,173.66,173.94
2017-04-13 09:35:00,173.66,173.85
2017-04-13 09:35:01,173.66,173.76
2017-04-13 09:35:02,173.66,173.76
2017-04-13 09:35:03,173.66,173.76
2017-04-13 09:35:04,173.66,173.76
2017-04-13 09:35:05,173.66,173.76
2017-04-13 09:35:06,173.66,173.76
2017-04-13 09:35:07,173.66,173.76
2017-04-13 09:35:08,173.66,173.76
2017-04-13 09:35:09,173.66,173.76
2017-04-13 09:35:10,173.66,173.76
2017-04-13 09:35:11,173.66,173.76
2017-04-13 09:35:12,173.66,173.76
2017-04-13 09:35:13,173.66,173.76
2017-04-13 09:35:14,173.66,173.76
2017-04-13 09:35:15,173.66,173.76
2017-04-13 09:35:16,173.66,173.76
2017-04-13 09:35:17,173.66,173.76
2017-04-13 09:35:18,173.66,173.76
2017-04-13 09:35:19,173.66,173.76
2017-04-13 09:35:20,173.66,173.75
2017-04-13 09:35:21,173.66,173.75
2017-04-13 09:35:22,173.66,173.75
2017-04-13 09:35:23,173.66,173.75
2017-04-13 09:35:24,173.66,173.75
2017-04-13 09:35:25,173.66,173.75
2017-04-13 09:35:26,173.66,173.75
2017-04-13 09:35:27,173.66,173.75
2017-04-13 09:35:28,173.75,173.84
2017-04-13 09:35:29,173.75,173.88
2017-04-13 09:35:30,173.75,173.88
2017-04-13 09:35:31,173.75,173.88
2017-04-13 09:35:32,173.75,173.88
2017-04-13 09:35:33,173.65,173.74
2017-04-13 09:35:34,173.59,173.73
2017-04-13 09:35:35,173.6,173.73
2017-04-13 09:35:36,173.62,173.73
2017-04-13 09:35:37,173.62,173.73
2017-04-13 09:35:38,173.61,173.73
2017-04-13 09:35:39,173.6,173.73
2017-04-13 09:35:40,173.6,173.73
2017-04-13 09:35:41,173.62,173.73
2017-04-13 09:35:42,173.59,173.73
2017-04-13 09:35:43,173.6,173.73
2017-04-13 09:35:44,173.6,173.73
2017-04-13 09:35:45,173.81,173.95
2017-04-13 09:35:46,173.81,173.95
2017-04-13 09:35:47,173.81,173.95
2017-04-13 09:35:48,173.81,173.95
2017-04-13 09:35:49,173.81,173.95
2017-04-13 09:35:50,173.81,173.95
2017-04-13 09:35:51,173.81,173.95
2017-04-13 09:35:52,173.81,173.95
2017-04-13 09:35:53,173.81,173.95
2017-04-13 09:35:54,173.81,173.93
2017-04-13 09:35:55,173.81,173.95
2017-04-13 09:35:56,173.77,173.95
2017-04-13 09:35:57,173.77,173.95
2017-04-13 09:35:58,173.77,173.95
2017-04-13 09:35:59,173.77,173.95
2017-04-13 09:36:00,173.77,173.95
2017-04-13 09:36:01,173.77,173.95
2017-04-13 09:36:02,173.77,173.95
2017-04-13 09:36:03,173.77,173.95
2017-04-13 09:36:04,173.77,173.95
2017-04-13 09:36:05,173.77,173.95
2017-04-13 09:36:06,173.77,173.95
2017-04-13 09:36:07,173.77,173.95
2017-04-13 09:36:08,173.77,173.95
2017-04-13 09:36:09,173.78,173.95
2017-04-13 09:36:10,173.78,173.95
2017-04-13 09:36:11,173.78,173.95
2017-04-13 09:36:12,173.78,173.95
2017-04-13 09:36:13,173.78,173.95
2017-04-13 09:36:14,173.78,173.95
2017-04-13 09:36:15,173.78,173.95
2017-04-13 09:36:16,173.78,173.95
2017-04-13 09:36:17,173.78,173.95
2017-04-13 09:36:18,173.78,173.95
2017-04-13 09:36:19,173.78,173.95
2017-04-13 09:36:20,173.78,173.94
2017-04-13 09:36:21,173.78,173.94
2017-04-13 09:36:22,173.78,173.93
2017-04-13 09:36:23,173.78,173.93
2017-04-13 09:36:24,173.78,173.93
2017-04-13 09:36:25,173.78,173.94
2017-04-13 09:36:26,173.78,173.94
2017-04-13 09:36:27,173.78,173.94
2017-04-13 09:36:28,173.78,173.94
2017-04-13 09:36:29,173.78,173.94
2017-04-13 09:36:30,173.78,173.94
2017-04-13 09:36:31,173.78,173.94
2017-04-13 09:36:32,173.78,173.94
2017-04-13 09:36:33,173.78,173.94
2017-04-13 09:36:34,173.78,173.94
2017-04-13 09:36:35,173.78,173.94
2017-04-13 09:36:36,173.78,173.94
2017-04-13 09:36:37,173.78,173.94
2017-04-13 09:36:38,173.78,173.94
2017-04-13 09:36:39,173.78,173.94
2017-04-13 09:36:40,173.78,173.94
2017-04-13 09:36:41,173.78,173.94
2017-04-13 09:36:42,173.78,173.93
2017-04-13 09:36:43,173.78,173.93
2017-04-13 09:36:44,173.78,173.92
2017-04-13 09:36:45,173.78,173.92
2017-04-13 09:36:46,173.78,173.92
2017-04-13 09:36:47,173.78,173.92
2017-04-13 09:36:48,173.78,173.92
2017-04-13 09:36:49,173.78,173.92
2017-04-13 09:36:50,173.78,173.92
2017-04-13 09:36:51,173.78,173.92
2017-04-13 09:36:52,173.78,173.92
2017-04-13 09:36:53,173.78,173.92
2017-04-13 09:36:54,173.78,173.92
2017-04-13 09:36:55,173.78,173.92
2017-04-13 09:36:56,173.78,173.92
2017-04-13 09:36:57,173.78,173.92
2017-04-13 09:36:58,173.78,173.92
2017-04-13 09:36:59,173.78,173.92
2017-04-13 09:37:00,173.78,173.92
2017-04-13 09:37:01,173.78,173.92
2017-04-13 09:37:02,173.78,173.92
2017-04-13 09:37:03,173.78,173.91
2017-04-13 09:37:04,173.78,173.91
2017-04-13 09:37:05,173.78,173.91
2017-04-13 09:37:06,173.78,173.91
2017-04-13 09:37:07,173.78,173.9
2017-04-13 09:37:08,173.78,173.9
2017-04-13 09:37:09,173.78,173.9
2017-04-13 09:37:10,173.78,173.9
2017-04-13 09:37:11,173.78,173.9
2017-04-13 09:37:12,173.78,173.9
2017-04-13 09:37:13,173.78,173.9
2017-04-13 09:37:14,173.78,173.9
2017-04-13 09:37:15,173.78,173.86
2017-04-13 09:37:16,173.78,173.86
2017-04-13 09:37:17,173.78,173.86
2017-04-13 09:37:18,173.78,173.86
2017-04-13 09:37:19,173.78,173.86
2017-04-13 09:37:20,173.78,173.86
2017-04-13 09:37:21,173.78,173.86
2017-04-13 09:37:22,173.78,173.85
2017-04-13 09:37:23,173.78,173.85
2017-04-13 09:37:24,173.78,173.85
2017-04-13 09:37:25,173.78,173.85
2017-04-13 09:37:26,173.78,173.85
2017-04-13 09:37:27,173.78,173.85
2017-04-13 09:37:28,173.78,173.85
2017-04-13 09:37:29,173.78,173.85
2017-04-13 09:37:30,173.78,173.85
2017-04-13 09:37:31,173.78,173.85
2017-04-13 09:37:32,173.78,173.85
2017-04-13 09:37:33,173.78,173.85
2017-04-13 09:37:34,173.78,173.84
2017-04-13 09:37:35,173.78,173.84
2017-04-13 09:37:36,173.78,173.84
2017-04-13 09:37:37,173.78,173.84
2017-04-13 09:37:38,173.78,173.84
2017-04-13 09:37:39,173.78,173.84
2017-04-13 09:37:40,173.78,173.84
2017-04-13 09:37:41,173.6,173.81
2017-04-13 09:37:42,173.6,173.81
2017-04-13 09:37:43,173.6,173.81
2017-04-13 09:37:44,173.6,173.81
2017-04-13 09:37:45,173.6,173.81
2017-04-13 09:37:46,173.6,173.81
2017-04-13 09:37:47,173.6,173.81
2017-04-13 09:37:48,173.6,173.81
2017-04-13 09:37:49,173.6,173.81
2017-04-13 09:37:50,173.6,173.81
2017-04-13 09:37:51,173.6,173.81
2017-04-13 09:37:52,173.6,173.81
2017-04-13 09:37:53,173.6,173.81
2017-04-13 09:37:54,173.6,173.81
2017-04-13 09:37:55,173.6,173.81
2017-04-13 09:37:56,173.6,173.81
2017-04-13 09:37:57,173.6,173.81
2017-04-13 09:37:58,173.6,173.81
2017-04-13 09:37:59,173.6,173.8
2017-04-13 09:38:00,173.6,173.8
2017-04-13 09:38:01,173.6,173.8
2017-04-13 09:38:02,173.6,173.8
2017-04-13 09:38:03,173.6,173.79
2017-04-13 09:38:04,173.6,173.79
2017-04-13 09:38:05,173.6,173.79
2017-04-13 09:38:06,173.6,173.79
2017-04-13 09:38:07,173.6,173.79
2017-04-13 09:38:08,173.6,173.79
2017-04-13 09:38:09,173.6,173.79
2017-04-13 09:38:10,173.6,173.79
2017-04-13 09:38:11,173.6,173.79
2017-04-13 09:38:12,173.6,173.78
2017-04-13 09:38:13,173.6,173.78
2017-04-13 09:38:14,173.6,173.78
2017-04-13 09:38:15,173.6,173.78
2017-04-13 09:38:16,173.6,173.78
2017-04-13 09:38:17,173.6,173.78
2017-04-13 09:38:18,173.6,173.78
2017-04-13 09:38:19,173.6,173.78
2017-04-13 09:38:20,173.6,173.78
2017-04-13 09:38:21,173.6,173.75
2017-04-13 09:38:22,173.6,173.74
2017-04-13 09:38:23,173.6,173.74
2017-04-13 09:38:24,173.6,173.74
2017-04-13 09:38:25,173.6,173.74
2017-04-13 09:38:26,173.64,173.74
2017-04-13 09:38:27,173.64,173.74
2017-04-13 09:38:28,173.64,173.74
2017-04-13 09:38:29,173.68,173.73
2017-04-13 09:38:30,173.72,173.81
2017-04-13 09:38:31,173.72,173.81
2017-04-13 09:38:32,173.72,173.81
2017-04-13 09:38:33,173.72,173.81
2017-04-13 09:38:34,173.72,173.81
2017-04-13 09:38:35,173.72,173.8
2017-04-13 09:38:36,173.72,173.8
2017-04-13 09:38:37,173.72,173.8
2017-04-13 09:38:38,173.72,173.8
2017-04-13 09:38:39,173.72,173.8
2017-04-13 09:38:40,173.72,173.8
2017-04-13 09:38:41,173.72,173.8
2017-04-13 09:38:42,173.72,173.8
2017-04-13 09:38:43,173.72,173.8
2017-04-13 09:38:44,173.72,173.8
2017-04-13 09:38:45,173.72,173.8
2017-04-13 09:38:46,173.72,173.8
2017-04-13 09:38:47,173.72,173.8
2017-04-13 09:38:48,173.72,173.79
2017-04-13 09:38:49,173.72,173.79
2017-04-13 09:38:50,173.72,173.79
2017-04-13 09:38:51,173.72,173.79
2017-04-13 09:38:52,173.72,173.79
2017-04-13 09:38:53,173.72,173.79
2017-04-13 09:38:54,173.72,173.79
2017-04-13 09:38:55,173.76,173.92
2017-04-13 09:38:56,173.76,173.92
2017-04-13 09:38:57,173.76,173.92
2017-04-13 09:38:58,173.76,173.92
2017-04-13 09:38:59,173.76,173.92
2017-04-13 09:39:00,173.76,173.92
2017-04-13 09:39:01,173.76,173.92
2017-04-13 09:39:02,173.76,173.92
2017-04-13 09:39:03,173.76,173.92
2017-04-13 09:39:04,173.76,173.92
2017-04-13 09:39:05,173.76,173.92
2017-04-13 09:39:06,173.76,173.92
2017-04-13 09:39:07,173.76,173.92
2017-04-13 09:39:08,173.76,173.92
2017-04-13 09:39:09,173.76,173.92
2017-04-13 09:39:10,173.76,173.92
2017-04-13 09:39:11,173.76,173.92
2017-04-13 09:39:12,173.76,173.92
2017-04-13 09:39:13,173.76,173.92
2017-04-13 09:39:14,173.76,173.92
2017-04-13 09:39:15,173.8,173.92
2017-04-13 09:39:16,173.8,173.92
2017-04-13 09:39:17,173.8,173.91
2017-04-13 09:39:18,173.8,173.91
2017-04-13 09:39:19,173.8,173.91
2017-04-13 09:39:20,173.8,173.91
2017-04-13 09:39:21,173.8,173.91
2017-04-13 09:39:22,173.8,173.91
2017-04-13 09:39:23,173.8,173.91
2017-04-13 09:39:24,173.8,173.91
2017-04-13 09:39:25,173.8,173.91
2017-04-13 09:39:26,173.8,173.91
2017-04-13 09:39:27,173.8,173.91
2017-04-13 09:39:28,173.8,173.9
2017-04-13 09:39:29,173.8,173.9
2017-04-13 09:39:30,173.8,173.9
2017-04-13 09:39:31,173.8,173.9
2017-04-13 09:39:32,173.8,173.9
2017-04-13 09:39:33,173.8,173.9
2017-04-13 09:39:34,173.8,173.9
2017-04-13 09:39:35,173.8,173.9
2017-04-13 09:39:36,173.8,173.9
2017-04-13 09:39:37,173.8,173.9
2017-04-13 09:39:38,173.8,173.9
2017-04-13 09:39:39,173.8,173.9
2017-04-13 09:39:40,173.8,173.9
2017-04-13 09:39:41,173.8,173.9
2017-04-13 09:39:42,173.8,173.9
2017-04-13 09:39:43,173.8,173.9
2017-04-13 09:39:44,173.8,173.89
2017-04-13 09:39:45,173.8,173.89
2017-04-13 09:39:46,173.8,173.89
2017-04-13 09:39:47,173.8,173.89
2017-04-13 09:39:48,173.8,173.89
2017-04-13 09:39:49,173.8,173.89
2017-04-13 09:39:50,173.8,173.89
2017-04-13 09:39:51,173.8,173.89
2017-04-13 09:39:52,173.8,173.89
2017-04-13 09:39:53,173.8,173.89
2017-04-13 09:39:54,173.67,173.79
2017-04-13 09:39:55,173.61,173.73
2017-04-13 09:39:56,173.63,173.73
2017-04-13 09:39:57,173.63,173.73
2017-04-13 09:39:58,173.63,173.73
2017-04-13 09:39:59,173.63,173.73
2017-04-13 09:40:00,173.63,173.73
2017-04-13 09:40:01,173.61,173.71
2017-04-13 09:40:02,173.61,173.71
2017-04-13 09:40:03,173.6,173.71
2017-04-13 09:40:04,173.6,173.71
2017-04-13 09:40:05,173.59,173.71
2017-04-13 09:40:06,173.6,173.71
2017-04-13 09:40:07,173.59,173.69
2017-04-13 09:40:08,173.59,173.69
2017-04-13 09:40:09,173.59,173.69
2017-04-13 09:40:10,173.59,173.69
2017-04-13 09:40:11,173.6,173.69
2017-04-13 09:40:12,173.59,173.69
2017-04-13 09:40:13,173.59,173.69
2017-04-13 09:40:14,173.59,173.69
2017-04-13 09:40:15,173.59,173.69
2017-04-13 09:40:16,173.6,173.69
2017-04-13 09:40:17,173.6,173.69
2017-04-13 09:40:18,173.59,173.69
2017-04-13 09:40:19,173.59,173.69
2017-04-13 09:40:20,173.59,173.68
2017-04-13 09:40:21,173.59,173.68
2017-04-13 09:40:22,173.59,173.68
2017-04-13 09:40:23,173.59,173.68
2017-04-13 09:40:24,173.59,173.68
2017-04-13 09:40:25,173.61,173.69
2017-04-13 09:40:26,173.61,173.69
2017-04-13 09:40:27,173.59,173.67
2017-04-13 09:40:28,173.59,173.67
2017-04-13 09:40:29,173.59,173.67
2017-04-13 09:40:30,173.59,173.67
2017-04-13 09:40:31,173.61,173.67
2017-04-13 09:40:32,173.5,173.65
2017-04-13 09:40:33,173.5,173.65
2017-04-13 09:40:34,173.5,173.63
2017-04-13 09:40:35,173.5,173.61
2017-04-13 09:40:36,173.5,173.61
2017-04-13 09:40:37,173.5,173.61
2017-04-13 09:40:38,173.5,173.59
2017-04-13 09:40:39,173.5,173.59
2017-04-13 09:40:40,173.5,173.59
2017-04-13 09:40:41,173.5,173.59
2017-04-13 09:40:42,173.5,173.59
2017-04-13 09:40:43,173.5,173.59
2017-04-13 09:40:44,173.5,173.59
2017-04-13 09:40:45,173.5,173.59
2017-04-13 09:40:46,173.5,173.59
2017-04-13 09:40:47,173.5,173.59
2017-04-13 09:40:48,173.5,173.59
2017-04-13 09:40:49,173.5,173.59
2017-04-13 09:40:50,173.5,173.59
2017-04-13 09:40:51,173.5,173.59
2017-04-13 09:40:52,173.5,173.59
2017-04-13 09:40:53,173.5,173.59
2017-04-13 09:40:54,173.5,173.59
2017-04-13 09:40:55,173.5,173.57
2017-04-13 09:40:56,173.5,173.57
2017-04-13 09:40:57,173.5,173.57
2017-04-13 09:40:58,173.5,173.57
2017-04-13 09:40:59,173.5,173.57
2017-04-13 09:41:00,173.5,173.57
2017-04-13 09:41:01,173.6,173.94
2017-04-13 09:41:02,173.6,173.94
2017-04-13 09:41:03,173.6,173.91
2017-04-13 09:41:04,173.6,173.88
2017-04-13 09:41:05,173.6,173.87
2017-04-13 09:41:06,173.6,173.87
2017-04-13 09:41:07,173.6,173.87
2017-04-13 09:41:08,173.6,173.87
2017-04-13 09:41:09,173.6,173.87
2017-04-13 09:41:10,173.6,173.87
2017-04-13 09:41:11,173.6,173.86
2017-04-13 09:41:12,173.6,173.86
2017-04-13 09:41:13,173.6,173.86
2017-04-13 09:41:14,173.6,173.86
2017-04-13 09:41:15,173.6,173.84
2017-04-13 09:41:16,173.6,173.82
2017-04-13 09:41:17,173.6,173.83
2017-04-13 09:41:18,173.6,173.82
2017-04-13 09:41:19,173.61,173.86
2017-04-13 09:41:20,173.61,173.86
2017-04-13 09:41:21,173.61,173.86
2017-04-13 09:41:22,173.61,173.86
2017-04-13 09:41:23,173.61,173.86
2017-04-13 09:41:24,173.61,173.86
2017-04-13 09:41:25,173.61,173.86
2017-04-13 09:41:26,173.61,173.86
2017-04-13 09:41:27,173.61,173.84
2017-04-13 09:41:28,173.61,173.84
2017-04-13 09:41:29,173.61,173.84
2017-04-13 09:41:30,173.61,173.84
2017-04-13 09:41:31,173.61,173.84
2017-04-13 09:41:32,173.61,173.84
2017-04-13 09:41:33,173.61,173.84
2017-04-13 09:41:34,173.61,173.84
2017-04-13 09:41:35,173.61,173.84
2017-04-13 09:41:36,173.61,173.83
2017-04-13 09:41:37,173.61,173.83
2017-04-13 09:41:38,173.61,173.83
2017-04-13 09:41:39,173.61,173.83
2017-04-13 09:41:40,173.61,173.81
2017-04-13 09:41:41,173.61,173.81
2017-04-13 09:41:42,173.61,173.81
2017-04-13 09:41:43,173.61,173.81
2017-04-13 09:41:44,173.61,173.81
2017-04-13 09:41:45,173.61,173.81
2017-04-13 09:41:46,173.71,173.77
2017-04-13 09:41:47,173.71,173.77
2017-04-13 09:41:48,173.81,173.9
2017-04-13 09:41:49,173.88,174.0
2017-04-13 09:41:50,173.88,173.99
2017-04-13 09:41:51,173.88,173.99
2017-04-13 09:41:52,173.88,173.99
2017-04-13 09:41:53,173.88,173.99
2017-04-13 09:41:54,173.88,173.99
2017-04-13 09:41:55,173.88,173.99
2017-04-13 09:41:56,173.88,173.98
2017-04-13 09:41:57,173.88,173.98
2017-04-13 09:41:58,173.64,173.87
2017-04-13 09:41:59,173.54,173.87
2017-04-13 09:42:00,173.54,173.87
2017-04-13 09:42:01,173.54,173.83
2017-04-13 09:42:02,173.54,173.83
2017-04-13 09:42:03,173.54,173.83
2017-04-13 09:42:04,173.54,173.83
2017-04-13 09:42:05,173.54,173.83
2017-04-13 09:42:06,173.54,173.83
2017-04-13 09:42:07,173.54,173.83
2017-04-13 09:42:08,173.54,173.83
2017-04-13 09:42:09,173.54,173.83
2017-04-13 09:42:10,173.54,173.83
2017-04-13 09:42:11,173.55,173.81
2017-04-13 09:42:12,173.55,173.81
2017-04-13 09:42:13,173.55,173.81
2017-04-13 09:42:14,173.55,173.81
2017-04-13 09:42:15,173.55,173.81
2017-04-13 09:42:16,173.55,173.81
2017-04-13 09:42:17,173.55,173.81
2017-04-13 09:42:18,173.55,173.81
2017-04-13 09:42:19,173.55,173.8
2017-04-13 09:42:20,173.55,173.8
2017-04-13 09:42:21,173.55,173.8
2017-04-13 09:42:22,173.55,173.8
2017-04-13 09:42:23,173.55,173.8
2017-04-13 09:42:24,173.55,173.8
2017-04-13 09:42:25,173.55,173.8
2017-04-13 09:42:26,173.55,173.8
2017-04-13 09:42:27,173.55,173.8
2017-04-13 09:42:28,173.55,173.8
2017-04-13 09:42:29,173.55,173.8
2017-04-13 09:42:30,173.55,173.8
2017-04-13 09:42:31,173.55,173.78
2017-04-13 09:42:32,173.55,173.78
2017-04-13 09:42:33,173.55,173.78
2017-04-13 09:42:34,173.55,173.78
2017-04-13 09:42:35,173.55,173.78
2017-04-13 09:42:36,173.55,173.78
2017-04-13 09:42:37,173.55,173.78
2017-04-13 09:42:38,173.55,173.78
2017-04-13 09:42:39,173.55,173.78
2017-04-13 09:42:40,173.55,173.78
2017-04-13 09:42:41,173.55,173.78
2017-04-13 09:42:42,173.55,173.78
2017-04-13 09:42:43,173.55,173.77
2017-04-13 09:42:44,173.55,173.77
2017-04-13 09:42:45,173.55,173.77
2017-04-13 09:42:46,173.55,173.77
2017-04-13 09:42:47,173.55,173.77
2017-04-13 09:42:48,173.55,173.77
2017-04-13 09:42:49,173.55,173.77
2017-04-13 09:42:50,173.55,173.75
2017-04-13 09:42:51,173.55,173.75
2017-04-13 09:42:52,173.55,173.75
2017-04-13 09:42:53,173.55,173.75
2017-04-13 09:42:54,173.55,173.75
2017-04-13 09:42:55,173.55,173.75
2017-04-13 09:42:56,173.55,173.75
2017-04-13 09:42:57,173.55,173.75
2017-04-13 09:42:58,173.55,173.75
2017-04-13 09:42:59,173.55,173.75
2017-04-13 09:43:00,173.55,173.75
2017-04-13 09:43:01,173.55,173.75
2017-04-13 09:43:02,173.55,173.75
2017-04-13 09:43:03,173.55,173.74
2017-04-13 09:43:04,173.55,173.74
2017-04-13 09:43:05,173.55,173.74
2017-04-13 09:43:06,173.55,173.74
2017-04-13 09:43:07,173.55,173.74
2017-04-13 09:43:08,173.55,173.74
2017-04-13 09:43:09,173.56,173.71
2017-04-13 09:43:10,173.56,173.71
2017-04-13 09:43:11,173.56,173.71
2017-04-13 09:43:12,173.56,173.71
2017-04-13 09:43:13,173.56,173.71
2017-04-13 09:43:14,173.6,173.65
2017-04-13 09:43:15,173.6,173.69
2017-04-13 09:43:16,173.6,173.67
2017-04-13 09:43:17,173.6,173.67
2017-04-13 09:43:18,173.6,173.67
2017-04-13 09:43:19,173.6,173.67
2017-04-13 09:43:20,173.6,173.67
2017-04-13 09:43:21,173.6,173.67
2017-04-13 09:43:22,173.6,173.67
2017-04-13 09:43:23,173.6,173.67
2017-04-13 09:43:24,173.6,173.67
2017-04-13 09:43:25,173.6,173.67
2017-04-13 09:43:26,173.6,173.67
2017-04-13 09:43:27,173.6,173.64
2017-04-13 09:43:28,173.6,173.64
2017-04-13 09:43:29,173.6,173.64
2017-04-13 09:43:30,173.6,173.64
2017-04-13 09:43:31,173.6,173.62
2017-04-13 09:43:32,173.66,173.83
2017-04-13 09:43:33,173.74,173.83
2017-04-13 09:43:34,173.74,173.81
2017-04-13 09:43:35,173.74,173.81
2017-04-13 09:43:36,173.74,173.81
2017-04-13 09:43:37,173.74,173.81
2017-04-13 09:43:38,173.74,173.81
2017-04-13 09:43:39,173.74,173.81
2017-04-13 09:43:40,173.74,173.81
2017-04-13 09:43:41,173.74,173.81
2017-04-13 09:43:42,173.74,173.81
2017-04-13 09:43:43,173.74,173.81
2017-04-13 09:43:44,173.74,173.81
2017-04-13 09:43:45,173.62,173.77
2017-04-13 09:43:46,173.62,173.77
2017-04-13 09:43:47,173.62,173.75
2017-04-13 09:43:48,173.62,173.75
2017-04-13 09:43:49,173.62,173.75
2017-04-13 09:43:50,173.62,173.75
2017-04-13 09:43:51,173.62,173.75
2017-04-13 09:43:52,173.62,173.75
2017-04-13 09:43:53,173.62,173.75
2017-04-13 09:43:54,173.62,173.75
2017-04-13 09:43:55,173.62,173.75
2017-04-13 09:43:56,173.62,173.75
2017-04-13 09:43:57,173.62,173.75
2017-04-13 09:43:58,173.62,173.75
2017-04-13 09:43:59,173.62,173.75
2017-04-13 09:44:00,173.62,173.75
2017-04-13 09:44:01,173.62,173.75
2017-04-13 09:44:02,173.62,173.73
2017-04-13 09:44:03,173.62,173.73
2017-04-13 09:44:04,173.62,173.73
2017-04-13 09:44:05,173.62,173.73
2017-04-13 09:44:06,173.62,173.73
2017-04-13 09:44:07,173.62,173.73
2017-04-13 09:44:08,173.62,173.73
2017-04-13 09:44:09,173.62,173.73
2017-04-13 09:44:10,173.62,173.73
2017-04-13 09:44:11,173.62,173.73
2017-04-13 09:44:12,173.62,173.73
2017-04-13 09:44:13,173.62,173.72
2017-04-13 09:44:14,173.62,173.72
2017-04-13 09:44:15,173.62,173.72
2017-04-13 09:44:16,173.62,173.72
2017-04-13 09:44:17,173.62,173.72
2017-04-13 09:44:18,173.62,173.72
2017-04-13 09:44:19,173.62,173.72
2017-04-13 09:44:20,173.62,173.72
2017-04-13 09:44:21,173.62,173.72
2017-04-13 09:44:22,173.62,173.72
2017-04-13 09:44:23,173.62,173.72
2017-04-13 09:44:24,173.62,173.72
2017-04-13 09:44:25,173.62,173.72
2017-04-13 09:44:26,173.62,173.72
2017-04-13 09:44:27,173.7,173.8
2017-04-13 09:44:28,173.7,173.8
2017-04-13 09:44:29,173.7,173.79
2017-04-13 09:44:30,173.7,173.79
2017-04-13 09:44:31,173.7,173.79
2017-04-13 09:44:32,173.7,173.79
2017-04-13 09:44:33,173.7,173.79
2017-04-13 09:44:34,173.7,173.79
2017-04-13 09:44:35,173.7,173.79
2017-04-13 09:44:36,173.7,173.79
2017-04-13 09:44:37,173.71,173.79
2017-04-13 09:44:38,173.7,173.79
2017-04-13 09:44:39,173.7,173.79
2017-04-13 09:44:40,173.7,173.79
2017-04-13 09:44:41,173.71,173.79
2017-04-13 09:44:42,173.71,173.79
2017-04-13 09:44:43,173.7,173.79
2017-04-13 09:44:44,173.71,173.79
2017-04-13 09:44:45,173.7,173.79
2017-04-13 09:44:46,173.7,173.79
2017-04-13 09:44:47,173.7,173.79
2017-04-13 09:44:48,173.7,173.79
2017-04-13 09:44:49,173.7,173.78
2017-04-13 09:44:50,173.7,173.78
2017-04-13 09:44:51,173.7,173.78
2017-04-13 09:44:52,173.7,173.78
2017-04-13 09:44:53,173.7,173.78
2017-04-13 09:44:54,173.7,173.78
2017-04-13 09:44:55,173.7,173.78
2017-04-13 09:44:56,173.7,173.78
2017-04-13 09:44:57,173.7,173.78
2017-04-13 09:44:58,173.7,173.79
2017-04-13 09:44:59,173.7,173.79
2017-04-13 09:45:00,173.7,173.79
2017-04-13 09:45:01,173.7,173.79
2017-04-13 09:45:02,173.7,173.79
2017-04-13 09:45:03,173.7,173.79
2017-04-13 09:45:04,173.7,173.79
2017-04-13 09:45:05,173.7,173.79
2017-04-13 09:45:06,173.7,173.79
2017-04-13 09:45:07,173.7,173.79
2017-04-13 09:45:08,173.7,173.79
2017-04-13 09:45:09,173.7,173.79
2017-04-13 09:45:10,173.7,173.79
2017-04-13 09:45:11,173.7,173.79
2017-04-13 09:45:12,173.7,173.79
2017-04-13 09:45:13,173.7,173.79
2017-04-13 09:45:14,173.7,173.79
2017-04-13 09:45:15,173.7,173.79
2017-04-13 09:45:16,173.7,173.79
2017-04-13 09:45:17,173.7,173.79
2017-04-13 09:45:18,173.62,173.68
2017-04-13 09:45:19,173.62,173.68
2017-04-13 09:45:20,173.62,173.68
2017-04-13 09:45:21,173.62,173.64
2017-04-13 09:45:22,173.65,173.77
2017-04-13 09:45:23,173.65,173.76
2017-04-13 09:45:24,173.65,173.76
2017-04-13 09:45:25,173.65,173.76
2017-04-13 09:45:26,173.65,173.76
2017-04-13 09:45:27,173.65,173.76
2017-04-13 09:45:28,173.65,173.77
2017-04-13 09:45:29,173.65,173.77
2017-04-13 09:45:30,173.65,173.77
2017-04-13 09:45:31,173.65,173.77
2017-04-13 09:45:32,173.65,173.77
2017-04-13 09:45:33,173.65,173.77
2017-04-13 09:45:34,173.65,173.77
2017-04-13 09:45:35,173.65,173.77
2017-04-13 09:45:36,173.65,173.77
2017-04-13 09:45:37,173.65,173.77
2017-04-13 09:45:38,173.65,173.77
2017-04-13 09:45:39,173.65,173.77
2017-04-13 09:45:40,173.65,173.77
2017-04-13 09:45:41,173.65,173.77
2017-04-13 09:45:42,173.65,173.77
2017-04-13 09:45:43,173.65,173.77
2017-04-13 09:45:44,173.65,173.77
2017-04-13 09:45:45,173.65,173.77
2017-04-13 09:45:46,173.73,173.78
2017-04-13 09:45:47,173.73,173.79
2017-04-13 09:45:48,173.73,173.79
2017-04-13 09:45:49,173.73,173.79
2017-04-13 09:45:50,173.73,173.79
2017-04-13 09:45:51,173.73,173.79
2017-04-13 09:45:52,173.73,173.79
2017-04-13 09:45:53,173.73,173.79
2017-04-13 09:45:54,173.73,173.79
2017-04-13 09:45:55,173.65,173.78
2017-04-13 09:45:56,173.65,173.78
2017-04-13 09:45:57,173.65,173.78
2017-04-13 09:45:58,173.65,173.78
2017-04-13 09:45:59,173.65,173.75
2017-04-13 09:46:00,173.65,173.75
2017-04-13 09:46:01,173.65,173.75
2017-04-13 09:46:02,173.65,173.75
2017-04-13 09:46:03,173.65,173.75
2017-04-13 09:46:04,173.65,173.75
2017-04-13 09:46:05,173.65,173.75
2017-04-13 09:46:06,173.66,173.75
2017-04-13 09:46:07,173.66,173.75
2017-04-13 09:46:08,173.66,173.75
2017-04-13 09:46:09,173.66,173.75
2017-04-13 09:46:10,173.66,173.75
2017-04-13 09:46:11,173.66,173.75
2017-04-13 09:46:12,173.66,173.75
2017-04-13 09:46:13,173.66,173.75
2017-04-13 09:46:14,173.66,173.75
2017-04-13 09:46:15,173.66,173.75
2017-04-13 09:46:16,173.66,173.75
2017-04-13 09:46:17,173.66,173.75
2017-04-13 09:46:18,173.66,173.75
2017-04-13 09:46:19,173.66,173.75
2017-04-13 09:46:20,173.66,173.75
2017-04-13 09:46:21,173.66,173.75
2017-04-13 09:46:22,173.66,173.75
2017-04-13 09:46:23,173.66,173.75
2017-04-13 09:46:24,173.66,173.75
2017-04-13 09:46:25,173.66,173.75
2017-04-13 09:46:26,173.66,173.75
2017-04-13 09:46:27,173.66,173.75
2017-04-13 09:46:28,173.66,173.75
2017-04-13 09:46:29,173.66,173.75
2017-04-13 09:46:30,173.66,173.75
2017-04-13 09:46:31,173.66,173.75
2017-04-13 09:46:32,173.66,173.75
2017-04-13 09:46:33,173.66,173.75
2017-04-13 09:46:34,173.66,173.75
2017-04-13 09:46:35,173.66,173.75
2017-04-13 09:46:36,173.66,173.75
2017-04-13 09:46:37,173.66,173.75
2017-04-13 09:46:38,173.66,173.75
2017-04-13 09:46:39,173.66,173.75
2017-04-13 09:46:40,173.66,173.75
2017-04-13 09:46:41,173.66,173.75
2017-04-13 09:46:42,173.66,173.75
2017-04-13 09:46:43,173.66,173.75
2017-04-13 09:46:44,173.66,173.75
2017-04-13 09:46:45,173.66,173.75
2017-04-13 09:46:46,173.66,173.75
2017-04-13 09:46:47,173.66,173.75
2017-04-13 09:46:48,173.66,173.75
2017-04-13 09:46:49,173.66,173.75
2017-04-13 09:46:50,173.66,173.75
2017-04-13 09:46:51,173.66,173.75
2017-04-13 09:46:52,173.66,173.75
2017-04-13 09:46:53,173.66,173.75
2017-04-13 09:46:54,173.66,173.75
2017-04-13 09:46:55,173.66,173.75
2017-04-13 09:46:56,173.66,173.75
2017-04-13 09:46:57,173.66,173.75
2017-04-13 09:46:58,173.66,173.75
2017-04-13 09:46:59,173.66,173.75
2017-04-13 09:47:00,173.66,173.75
2017-04-13 09:47:01,173.66,173.75
2017-04-13 09:47:02,173.55,173.64
2017-04-13 09:47:03,173.55,173.64
2017-04-13 09:47:04,173.55,173.64
2017-04-13 09:47:05,173.55,173.64
2017-04-13 09:47:06,173.55,173.64
2017-04-13 09:47:07,173.55,173.64
2017-04-13 09:47:08,173.55,173.64
2017-04-13 09:47:09,173.56,173.64
2017-04-13 09:47:10,173.56,173.64
2017-04-13 09:47:11,173.57,173.74
2017-04-13 09:47:12,173.57,173.74
2017-04-13 09:47:13,173.57,173.72
2017-04-13 09:47:14,173.56,173.71
2017-04-13 09:47:15,173.56,173.71
2017-04-13 09:47:16,173.56,173.71
2017-04-13 09:47:17,173.56,173.71
2017-04-13 09:47:18,173.56,173.71
2017-04-13 09:47:19,173.56,173.71
2017-04-13 09:47:20,173.56,173.71
2017-04-13 09:47:21,173.56,173.7
2017-04-13 09:47:22,173.56,173.62
2017-04-13 09:47:23,173.56,173.62
2017-04-13 09:47:24,173.56,173.62
2017-04-13 09:47:25,173.56,173.62
2017-04-13 09:47:26,173.56,173.62
2017-04-13 09:47:27,173.56,173.62
2017-04-13 09:47:28,173.57,173.62
2017-04-13 09:47:29,173.57,173.62
2017-04-13 09:47:30,173.57,173.62
2017-04-13 09:47:31,173.57,173.62
2017-04-13 09:47:32,173.55,173.6
2017-04-13 09:47:33,173.55,173.6
2017-04-13 09:47:34,173.55,173.59
2017-04-13 09:47:35,173.55,173.59
2017-04-13 09:47:36,173.55,173.59
2017-04-13 09:47:37,173.55,173.59
2017-04-13 09:47:38,173.55,173.59
2017-04-13 09:47:39,173.55,173.59
2017-04-13 09:47:40,173.55,173.59
2017-04-13 09:47:41,173.55,173.59
2017-04-13 09:47:42,173.55,173.59
2017-04-13 09:47:43,173.55,173.59
2017-04-13 09:47:44,173.55,173.59
2017-04-13 09:47:45,173.55,173.59
2017-04-13 09:47:46,173.55,173.59
2017-04-13 09:47:47,173.55,173.59
2017-04-13 09:47:48,173.55,173.59
2017-04-13 09:47:49,173.55,173.59
2017-04-13 09:47:50,173.55,173.59
2017-04-13 09:47:51,173.55,173.58
2017-04-13 09:47:52,173.55,173.58
2017-04-13 09:47:53,173.55,173.58
2017-04-13 09:47:54,173.5,173.56
2017-04-13 09:47:55,173.5,173.56
2017-04-13 09:47:56,173.5,173.55
2017-04-13 09:47:57,173.5,173.55
2017-04-13 09:47:58,173.5,173.55
2017-04-13 09:47:59,173.5,173.55
2017-04-13 09:48:00,173.5,173.55
2017-04-13 09:48:01,173.5,173.55
2017-04-13 09:48:02,173.5,173.55
2017-04-13 09:48:03,173.5,173.55
2017-04-13 09:48:04,173.5,173.55
2017-04-13 09:48:05,173.5,173.55
2017-04-13 09:48:06,173.5,173.55
2017-04-13 09:48:07,173.5,173.55
2017-04-13 09:48:08,173.5,173.55
2017-04-13 09:48:09,173.5,173.55
2017-04-13 09:48:10,173.5,173.55
2017-04-13 09:48:11,173.5,173.55
2017-04-13 09:48:12,173.5,173.55
2017-04-13 09:48:13,173.5,173.55
2017-04-13 09:48:14,173.51,173.78
2017-04-13 09:48:15,173.51,173.78
2017-04-13 09:48:16,173.51,173.75
2017-04-13 09:48:17,173.59,173.74
2017-04-13 09:48:18,173.59,173.72
2017-04-13 09:48:19,173.59,173.72
2017-04-13 09:48:20,173.59,173.72
2017-04-13 09:48:21,173.59,173.72
2017-04-13 09:48:22,173.59,173.72
2017-04-13 09:48:23,173.59,173.72
2017-04-13 09:48:24,173.59,173.72
2017-04-13 09:48:25,173.59,173.72
2017-04-13 09:48:26,173.59,173.72
2017-04-13 09:48:27,173.59,173.72
2017-04-13 09:48:28,173.59,173.72
2017-04-13 09:48:29,173.59,173.72
2017-04-13 09:48:30,173.59,173.72
2017-04-13 09:48:31,173.59,173.72
2017-04-13 09:48:32,173.59,173.72
2017-04-13 09:48:33,173.59,173.72
2017-04-13 09:48:34,173.59,173.72
2017-04-13 09:48:35,173.59,173.72
2017-04-13 09:48:36,173.59,173.72
2017-04-13 09:48:37,173.59,173.72
2017-04-13 09:48:38,173.59,173.72
2017-04-13 09:48:39,173.59,173.72
2017-04-13 09:48:40,173.59,173.72
2017-04-13 09:48:41,173.59,173.72
2017-04-13 09:48:42,173.59,173.72
2017-04-13 09:48:43,173.59,173.72
2017-04-13 09:48:44,173.59,173.72
2017-04-13 09:48:45,173.59,173.72
2017-04-13 09:48:46,173.59,173.72
2017-04-13 09:48:47,173.59,173.72
2017-04-13 09:48:48,173.59,173.72
2017-04-13 09:48:49,173.59,173.72
2017-04-13 09:48:50,173.59,173.72
2017-04-13 09:48:51,173.59,173.72
2017-04-13 09:48:52,173.59,173.72
2017-04-13 09:48:53,173.59,173.72
2017-04-13 09:48:54,173.59,173.72
2017-04-13 09:48:55,173.59,173.72
2017-04-13 09:48:56,173.59,173.72
2017-04-13 09:48:57,173.59,173.72
2017-04-13 09:48:58,173.59,173.72
2017-04-13 09:48:59,173.59,173.72
2017-04-13 09:49:00,173.59,173.72
2017-04-13 09:49:01,173.59,173.72
2017-04-13 09:49:02,173.59,173.72
2017-04-13 09:49:03,173.59,173.72
2017-04-13 09:49:04,173.59,173.72
2017-04-13 09:49:05,173.59,173.72
2017-04-13 09:49:06,173.59,173.72
2017-04-13 09:49:07,173.59,173.72
2017-04-13 09:49:08,173.59,173.72
2017-04-13 09:49:09,173.59,173.72
2017-04-13 09:49:10,173.59,173.72
2017-04-13 09:49:11,173.59,173.72
2017-04-13 09:49:12,173.59,173.72
2017-04-13 09:49:13,173.59,173.72
2017-04-13 09:49:14,173.59,173.72
2017-04-13 09:49:15,173.59,173.72
2017-04-13 09:49:16,173.59,173.66
2017-04-13 09:49:17,173.59,173.66
2017-04-13 09:49:18,173.59,173.64
2017-04-13 09:49:19,173.59,173.64
2017-04-13 09:49:20,173.59,173.64
2017-04-13 09:49:21,173.59,173.62
2017-04-13 09:49:22,173.54,173.6
2017-04-13 09:49:23,173.59,173.62
2017-04-13 09:49:24,173.59,173.62
2017-04-13 09:49:25,173.59,173.73
2017-04-13 09:49:26,173.59,173.72
2017-04-13 09:49:27,173.59,173.7
2017-04-13 09:49:28,173.59,173.7
2017-04-13 09:49:29,173.59,173.7
2017-04-13 09:49:30,173.59,173.7
2017-04-13 09:49:31,173.59,173.7
2017-04-13 09:49:32,173.59,173.7
2017-04-13 09:49:33,173.59,173.69
2017-04-13 09:49:34,173.59,173.69
2017-04-13 09:49:35,173.59,173.69
2017-04-13 09:49:36,173.59,173.7
2017-04-13 09:49:37,173.59,173.7
2017-04-13 09:49:38,173.59,173.65
2017-04-13 09:49:39,173.59,173.65
2017-04-13 09:49:40,173.59,173.65
2017-04-13 09:49:41,173.59,173.65
2017-04-13 09:49:42,173.59,173.65
2017-04-13 09:49:43,173.59,173.65
2017-04-13 09:49:44,173.59,173.65
2017-04-13 09:49:45,173.59,173.65
2017-04-13 09:49:46,173.59,173.65
2017-04-13 09:49:47,173.59,173.65
2017-04-13 09:49:48,173.6,173.69
2017-04-13 09:49:49,173.6,173.69
2017-04-13 09:49:50,173.6,173.69
2017-04-13 09:49:51,173.6,173.7
2017-04-13 09:49:52,173.6,173.7
2017-04-13 09:49:53,173.58,173.64
2017-04-13 09:49:54,173.6,173.63
2017-04-13 09:49:55,173.6,173.63
2017-04-13 09:49:56,173.6,173.64
2017-04-13 09:49:57,173.61,173.64
2017-04-13 09:49:58,173.61,173.64
2017-04-13 09:49:59,173.6,173.63
2017-04-13 09:50:00,173.6,173.64
2017-04-13 09:50:01,173.6,173.64
2017-04-13 09:50:02,173.6,173.63
2017-04-13 09:50:03,173.59,173.66
2017-04-13 09:50:04,173.59,173.66
2017-04-13 09:50:05,173.6,173.65
2017-04-13 09:50:06,173.6,173.64
2017-04-13 09:50:07,173.6,173.64
2017-04-13 09:50:08,173.6,173.64
2017-04-13 09:50:09,173.6,173.64
2017-04-13 09:50:10,173.58,173.6
2017-04-13 09:50:11,173.58,173.62
2017-04-13 09:50:12,173.63,173.8
2017-04-13 09:50:13,173.63,173.8
2017-04-13 09:50:14,173.63,173.8
2017-04-13 09:50:15,173.64,173.8
2017-04-13 09:50:16,173.64,173.78
2017-04-13 09:50:17,173.64,173.78
2017-04-13 09:50:18,173.64,173.73
2017-04-13 09:50:19,173.64,173.73
2017-04-13 09:50:20,173.64,173.71
2017-04-13 09:50:21,173.64,173.71
2017-04-13 09:50:22,173.64,173.71
2017-04-13 09:50:23,173.64,173.71
2017-04-13 09:50:24,173.64,173.71
2017-04-13 09:50:25,173.64,173.71
2017-04-13 09:50:26,173.64,173.71
2017-04-13 09:50:27,173.64,173.71
2017-04-13 09:50:28,173.64,173.71
2017-04-13 09:50:29,173.64,173.71
2017-04-13 09:50:30,173.64,173.71
2017-04-13 09:50:31,173.59,173.69
2017-04-13 09:50:32,173.59,173.69
2017-04-13 09:50:33,173.59,173.67
2017-04-13 09:50:34,173.59,173.67
2017-04-13 09:50:35,173.6,173.67
2017-04-13 09:50:36,173.59,173.67
2017-04-13 09:50:37,173.59,173.67
2017-04-13 09:50:38,173.59,173.67
2017-04-13 09:50:39,173.59,173.67
2017-04-13 09:50:40,173.59,173.67
2017-04-13 09:50:41,173.59,173.67
2017-04-13 09:50:42,173.59,173.67
2017-04-13 09:50:43,173.59,173.67
2017-04-13 09:50:44,173.59,173.67
2017-04-13 09:50:45,173.59,173.67
2017-04-13 09:50:46,173.59,173.67
2017-04-13 09:50:47,173.59,173.67
2017-04-13 09:50:48,173.59,173.67
2017-04-13 09:50:49,173.59,173.67
2017-04-13 09:50:50,173.59,173.67
2017-04-13 09:50:51,173.59,173.67
2017-04-13 09:50:52,173.59,173.67
2017-04-13 09:50:53,173.59,173.67
2017-04-13 09:50:54,173.54,173.61
2017-04-13 09:50:55,173.54,173.61
2017-04-13 09:50:56,173.54,173.59
2017-04-13 09:50:57,173.54,173.59
2017-04-13 09:50:58,173.54,173.59
2017-04-13 09:50:59,173.54,173.59
2017-04-13 09:51:00,173.55,173.67
2017-04-13 09:51:01,173.56,173.67
2017-04-13 09:51:02,173.56,173.65
2017-04-13 09:51:03,173.56,173.65
2017-04-13 09:51:04,173.56,173.65
2017-04-13 09:51:05,173.56,173.65
2017-04-13 09:51:06,173.56,173.65
2017-04-13 09:51:07,173.56,173.65
2017-04-13 09:51:08,173.56,173.64
2017-04-13 09:51:09,173.56,173.64
2017-04-13 09:51:10,173.59,173.71
2017-04-13 09:51:11,173.59,173.71
2017-04-13 09:51:12,173.59,173.71
2017-04-13 09:51:13,173.59,173.71
2017-04-13 09:51:14,173.6,173.79
2017-04-13 09:51:15,173.6,173.79
2017-04-13 09:51:16,173.6,173.78
2017-04-13 09:51:17,173.6,173.78
2017-04-13 09:51:18,173.6,173.77
2017-04-13 09:51:19,173.6,173.75
2017-04-13 09:51:20,173.6,173.74
2017-04-13 09:51:21,173.6,173.72
2017-04-13 09:51:22,173.72,173.8
2017-04-13 09:51:23,173.66,173.8
2017-04-13 09:51:24,173.68,173.83
2017-04-13 09:51:25,173.65,173.8
2017-04-13 09:51:26,173.65,173.8
2017-04-13 09:51:27,173.65,173.8
2017-04-13 09:51:28,173.65,173.8
2017-04-13 09:51:29,173.65,173.8
2017-04-13 09:51:30,173.71,173.8
2017-04-13 09:51:31,173.71,173.8
2017-04-13 09:51:32,173.71,173.8
2017-04-13 09:51:33,173.71,173.81
2017-04-13 09:51:34,173.71,173.81
2017-04-13 09:51:35,173.71,173.81
2017-04-13 09:51:36,173.71,173.81
2017-04-13 09:51:37,173.71,173.81
2017-04-13 09:51:38,173.71,173.81
2017-04-13 09:51:39,173.71,173.81
2017-04-13 09:51:40,173.71,173.81
2017-04-13 09:51:41,173.71,173.81
2017-04-13 09:51:42,173.71,173.81
2017-04-13 09:51:43,173.72,173.81
2017-04-13 09:51:44,173.72,173.81
2017-04-13 09:51:45,173.72,173.83
2017-04-13 09:51:46,173.72,173.83
2017-04-13 09:51:47,173.72,173.83
2017-04-13 09:51:48,173.72,173.83
2017-04-13 09:51:49,173.72,173.83
2017-04-13 09:51:50,173.72,173.83
2017-04-13 09:51:51,173.72,173.83
2017-04-13 09:51:52,173.71,173.83
2017-04-13 09:51:53,173.72,173.83
2017-04-13 09:51:54,173.72,173.83
2017-04-13 09:51:55,173.72,173.83
2017-04-13 09:51:56,173.72,173.83
2017-04-13 09:51:57,173.72,173.83
2017-04-13 09:51:58,173.72,173.83
2017-04-13 09:51:59,173.72,173.83
2017-04-13 09:52:00,173.72,173.83
2017-04-13 09:52:01,173.72,173.83
2017-04-13 09:52:02,173.72,173.83
2017-04-13 09:52:03,173.72,173.83
2017-04-13 09:52:04,173.72,173.83
2017-04-13 09:52:05,173.72,173.83
2017-04-13 09:52:06,173.72,173.83
2017-04-13 09:52:07,173.72,173.83
2017-04-13 09:52:08,173.72,173.83
2017-04-13 09:52:09,173.64,173.75
2017-04-13 09:52:10,173.64,173.75
2017-04-13 09:52:11,173.68,173.75
2017-04-13 09:52:12,173.7,173.75
2017-04-13 09:52:13,173.7,173.73
2017-04-13 09:52:14,173.65,173.77
2017-04-13 09:52:15,173.65,173.77
2017-04-13 09:52:16,173.64,173.77
2017-04-13 09:52:17,173.64,173.78
2017-04-13 09:52:18,173.69,173.78
2017-04-13 09:52:19,173.69,173.78
2017-04-13 09:52:20,173.65,173.78
2017-04-13 09:52:21,173.65,173.78
2017-04-13 09:52:22,173.64,173.78
2017-04-13 09:52:23,173.65,173.78
2017-04-13 09:52:24,173.67,173.78
2017-04-13 09:52:25,173.78,173.85
2017-04-13 09:52:26,173.78,173.85
2017-04-13 09:52:27,173.78,173.83
2017-04-13 09:52:28,173.78,173.82
2017-04-13 09:52:29,173.63,173.8
2017-04-13 09:52:30,173.63,173.8
2017-04-13 09:52:31,173.6,173.78
2017-04-13 09:52:32,173.62,173.77
2017-04-13 09:52:33,173.63,173.77
2017-04-13 09:52:34,173.62,173.77
2017-04-13 09:52:35,173.62,173.77
2017-04-13 09:52:36,173.62,173.76
2017-04-13 09:52:37,173.6,173.76
2017-04-13 09:52:38,173.61,173.76
2017-04-13 09:52:39,173.61,173.76
2017-04-13 09:52:40,173.61,173.76
2017-04-13 09:52:41,173.61,173.76
2017-04-13 09:52:42,173.6,173.76
2017-04-13 09:52:43,173.6,173.76
2017-04-13 09:52:44,173.6,173.75
2017-04-13 09:52:45,173.63,173.76
2017-04-13 09:52:46,173.66,173.76
2017-04-13 09:52:47,173.73,173.84
2017-04-13 09:52:48,173.73,173.84
2017-04-13 09:52:49,173.73,173.84
2017-04-13 09:52:50,173.73,173.84
2017-04-13 09:52:51,173.73,173.84
2017-04-13 09:52:52,173.73,173.84
2017-04-13 09:52:53,173.73,173.84
2017-04-13 09:52:54,173.73,173.83
2017-04-13 09:52:55,173.73,173.83
2017-04-13 09:52:56,173.73,173.83
2017-04-13 09:52:57,173.74,173.85
2017-04-13 09:52:58,173.74,173.85
2017-04-13 09:52:59,173.74,173.85
2017-04-13 09:53:00,173.74,173.85
2017-04-13 09:53:01,173.74,173.89
2017-04-13 09:53:02,173.74,173.89
2017-04-13 09:53:03,173.74,173.88
2017-04-13 09:53:04,173.74,173.88
2017-04-13 09:53:05,173.74,173.88
2017-04-13 09:53:06,173.74,173.88
2017-04-13 09:53:07,173.74,173.88
2017-04-13 09:53:08,173.74,173.88
2017-04-13 09:53:09,173.74,173.87
2017-04-13 09:53:10,173.74,173.87
2017-04-13 09:53:11,173.74,173.87
2017-04-13 09:53:12,173.74,173.87
2017-04-13 09:53:13,173.74,173.87
2017-04-13 09:53:14,173.74,173.87
2017-04-13 09:53:15,173.74,173.87
2017-04-13 09:53:16,173.74,173.87
2017-04-13 09:53:17,173.74,173.87
2017-04-13 09:53:18,173.74,173.87
2017-04-13 09:53:19,173.74,173.87
2017-04-13 09:53:20,173.74,173.87
2017-04-13 09:53:21,173.75,173.87
2017-04-13 09:53:22,173.76,173.86
2017-04-13 09:53:23,173.76,173.86
2017-04-13 09:53:24,173.69,173.84
2017-04-13 09:53:25,173.69,173.84
2017-04-13 09:53:26,173.69,173.82
2017-04-13 09:53:27,173.69,173.82
2017-04-13 09:53:28,173.69,173.82
2017-04-13 09:53:29,173.69,173.82
2017-04-13 09:53:30,173.69,173.82
2017-04-13 09:53:31,173.69,173.82
2017-04-13 09:53:32,173.61,173.79
2017-04-13 09:53:33,173.61,173.79
2017-04-13 09:53:34,173.61,173.8
2017-04-13 09:53:35,173.61,173.78
2017-04-13 09:53:36,173.61,173.76
2017-04-13 09:53:37,173.61,173.76
2017-04-13 09:53:38,173.61,173.76
2017-04-13 09:53:39,173.62,173.76
2017-04-13 09:53:40,173.62,173.76
2017-04-13 09:53:41,173.62,173.76
2017-04-13 09:53:42,173.62,173.76
2017-04-13 09:53:43,173.62,173.76
2017-04-13 09:53:44,173.62,173.76
2017-04-13 09:53:45,173.62,173.76
2017-04-13 09:53:46,173.62,173.76
2017-04-13 09:53:47,173.62,173.77
2017-04-13 09:53:48,173.62,173.77
2017-04-13 09:53:49,173.62,173.77
2017-04-13 09:53:50,173.62,173.77
2017-04-13 09:53:51,173.62,173.77
2017-04-13 09:53:52,173.62,173.77
2017-04-13 09:53:53,173.62,173.77
2017-04-13 09:53:54,173.62,173.77
2017-04-13 09:53:55,173.62,173.77
2017-04-13 09:53:56,173.62,173.77
2017-04-13 09:53:57,173.62,173.77
2017-04-13 09:53:58,173.62,173.77
2017-04-13 09:53:59,173.65,173.77
2017-04-13 09:54:00,173.65,173.77
2017-04-13 09:54:01,173.65,173.77
2017-04-13 09:54:02,173.65,173.77
2017-04-13 09:54:03,173.65,173.77
2017-04-13 09:54:04,173.65,173.77
2017-04-13 09:54:05,173.65,173.77
2017-04-13 09:54:06,173.65,173.77
2017-04-13 09:54:07,173.65,173.77
2017-04-13 09:54:08,173.65,173.71
2017-04-13 09:54:09,173.65,173.71
2017-04-13 09:54:10,173.65,173.71
2017-04-13 09:54:11,173.65,173.71
2017-04-13 09:54:12,173.65,173.71
2017-04-13 09:54:13,173.65,173.71
2017-04-13 09:54:14,173.65,173.71
2017-04-13 09:54:15,173.65,173.71
2017-04-13 09:54:16,173.65,173.71
2017-04-13 09:54:17,173.65,173.77
2017-04-13 09:54:18,173.65,173.77
2017-04-13 09:54:19,173.65,173.77
2017-04-13 09:54:20,173.65,173.77
2017-04-13 09:54:21,173.65,173.77
2017-04-13 09:54:22,173.65,173.77
2017-04-13 09:54:23,173.65,173.77
2017-04-13 09:54:24,173.65,173.77
2017-04-13 09:54:25,173.65,173.77
2017-04-13 09:54:26,173.65,173.77
2017-04-13 09:54:27,173.65,173.77
2017-04-13 09:54:28,173.65,173.77
2017-04-13 09:54:29,173.65,173.77
2017-04-13 09:54:30,173.65,173.77
2017-04-13 09:54:31,173.65,173.77
2017-04-13 09:54:32,173.65,173.77
2017-04-13 09:54:33,173.65,173.77
2017-04-13 09:54:34,173.65,173.77
2017-04-13 09:54:35,173.65,173.77
2017-04-13 09:54:36,173.65,173.77
2017-04-13 09:54:37,173.65,173.77
2017-04-13 09:54:38,173.65,173.77
2017-04-13 09:54:39,173.65,173.77
2017-04-13 09:54:40,173.65,173.77
2017-04-13 09:54:41,173.65,173.77
2017-04-13 09:54:42,173.65,173.77
2017-04-13 09:54:43,173.65,173.77
2017-04-13 09:54:44,173.65,173.77
2017-04-13 09:54:45,173.65,173.77
2017-04-13 09:54:46,173.65,173.77
2017-04-13 09:54:47,173.65,173.77
2017-04-13 09:54:48,173.65,173.77
2017-04-13 09:54:49,173.65,173.77
2017-04-13 09:54:50,173.65,173.77
2017-04-13 09:54:51,173.65,173.77
2017-04-13 09:54:52,173.65,173.77
2017-04-13 09:54:53,173.65,173.77
2017-04-13 09:54:54,173.65,173.77
2017-04-13 09:54:55,173.65,173.77
2017-04-13 09:54:56,173.65,173.77
2017-04-13 09:54:57,173.65,173.77
2017-04-13 09:54:58,173.65,173.77
2017-04-13 09:54:59,173.65,173.77
2017-04-13 09:55:00,173.65,173.77
2017-04-13 09:55:01,173.78,173.8
2017-04-13 09:55:02,173.65,173.79
2017-04-13 09:55:03,173.65,173.77
2017-04-13 09:55:04,173.65,173.76
2017-04-13 09:55:05,173.65,173.75
2017-04-13 09:55:06,173.65,173.75
2017-04-13 09:55:07,173.65,173.74
2017-04-13 09:55:08,173.65,173.74
2017-04-13 09:55:09,173.65,173.74
2017-04-13 09:55:10,173.65,173.74
2017-04-13 09:55:11,173.65,173.74
2017-04-13 09:55:12,173.65,173.74
2017-04-13 09:55:13,173.65,173.74
2017-04-13 09:55:14,173.65,173.74
2017-04-13 09:55:15,173.65,173.74
2017-04-13 09:55:16,173.65,173.74
2017-04-13 09:55:17,173.65,173.74
2017-04-13 09:55:18,173.65,173.74
2017-04-13 09:55:19,173.65,173.74
2017-04-13 09:55:20,173.65,173.74
2017-04-13 09:55:21,173.65,173.74
2017-04-13 09:55:22,173.65,173.74
2017-04-13 09:55:23,173.65,173.74
2017-04-13 09:55:24,173.67,173.74
2017-04-13 09:55:25,173.67,173.74
2017-04-13 09:55:26,173.65,173.74
2017-04-13 09:55:27,173.65,173.74
2017-04-13 09:55:28,173.65,173.73
2017-04-13 09:55:29,173.65,173.73
2017-04-13 09:55:30,173.65,173.73
2017-04-13 09:55:31,173.65,173.73
2017-04-13 09:55:32,173.66,173.72
2017-04-13 09:55:33,173.66,173.72
2017-04-13 09:55:34,173.66,173.72
2017-04-13 09:55:35,173.66,173.72
2017-04-13 09:55:36,173.66,173.72
2017-04-13 09:55:37,173.75,173.78
2017-04-13 09:55:38,173.75,173.78
2017-04-13 09:55:39,173.75,173.78
2017-04-13 09:55:40,173.75,173.78
2017-04-13 09:55:41,173.75,173.78
2017-04-13 09:55:42,173.75,173.78
2017-04-13 09:55:43,173.75,173.78
2017-04-13 09:55:44,173.75,173.78
2017-04-13 09:55:45,173.75,173.78
2017-04-13 09:55:46,173.75,173.78
2017-04-13 09:55:47,173.73,173.78
2017-04-13 09:55:48,173.73,173.78
2017-04-13 09:55:49,173.73,173.78
2017-04-13 09:55:50,173.73,173.78
2017-04-13 09:55:51,173.73,173.77
2017-04-13 09:55:52,173.73,173.77
2017-04-13 09:55:53,173.73,173.77
2017-04-13 09:55:54,173.73,173.77
2017-04-13 09:55:55,173.73,173.77
2017-04-13 09:55:56,173.65,173.72
2017-04-13 09:55:57,173.65,173.72
2017-04-13 09:55:58,173.65,173.7
2017-04-13 09:55:59,173.65,173.7
2017-04-13 09:56:00,173.65,173.71
2017-04-13 09:56:01,173.65,173.71
2017-04-13 09:56:02,173.65,173.71
2017-04-13 09:56:03,173.65,173.71
2017-04-13 09:56:04,173.65,173.71
2017-04-13 09:56:05,173.65,173.71
2017-04-13 09:56:06,173.65,173.71
2017-04-13 09:56:07,173.65,173.71
2017-04-13 09:56:08,173.65,173.71
2017-04-13 09:56:09,173.65,173.71
2017-04-13 09:56:10,173.65,173.71
2017-04-13 09:56:11,173.65,173.71
2017-04-13 09:56:12,173.65,173.71
2017-04-13 09:56:13,173.65,173.71
2017-04-13 09:56:14,173.65,173.71
2017-04-13 09:56:15,173.65,173.71
2017-04-13 09:56:16,173.65,173.71
2017-04-13 09:56:17,173.65,173.71
2017-04-13 09:56:18,173.64,173.69
2017-04-13 09:56:19,173.64,173.69
2017-04-13 09:56:20,173.64,173.67
2017-04-13 09:56:21,173.62,173.66
2017-04-13 09:56:22,173.62,173.66
2017-04-13 09:56:23,173.62,173.65
2017-04-13 09:56:24,173.55,173.61
2017-04-13 09:56:25,173.55,173.6
2017-04-13 09:56:26,173.55,173.6
2017-04-13 09:56:27,173.55,173.6
2017-04-13 09:56:28,173.55,173.59
2017-04-13 09:56:29,173.55,173.59
2017-04-13 09:56:30,173.59,173.64
2017-04-13 09:56:31,173.59,173.64
2017-04-13 09:56:32,173.59,173.64
2017-04-13 09:56:33,173.59,173.64
2017-04-13 09:56:34,173.58,173.64
2017-04-13 09:56:35,173.58,173.64
2017-04-13 09:56:36,173.58,173.64
2017-04-13 09:56:37,173.59,173.67
2017-04-13 09:56:38,173.59,173.67
2017-04-13 09:56:39,173.59,173.67
2017-04-13 09:56:40,173.59,173.67
2017-04-13 09:56:41,173.59,173.67
2017-04-13 09:56:42,173.59,173.67
2017-04-13 09:56:43,173.59,173.67
2017-04-13 09:56:44,173.59,173.67
2017-04-13 09:56:45,173.59,173.67
2017-04-13 09:56:46,173.59,173.67
2017-04-13 09:56:47,173.59,173.67
2017-04-13 09:56:48,173.59,173.67
2017-04-13 09:56:49,173.59,173.67
2017-04-13 09:56:50,173.69,173.8
2017-04-13 09:56:51,173.68,173.79
2017-04-13 09:56:52,173.68,173.79
2017-04-13 09:56:53,173.68,173.79
2017-04-13 09:56:54,173.68,173.79
2017-04-13 09:56:55,173.68,173.79
2017-04-13 09:56:56,173.68,173.79
2017-04-13 09:56:57,173.68,173.79
2017-04-13 09:56:58,173.68,173.77
2017-04-13 09:56:59,173.68,173.77
2017-04-13 09:57:00,173.68,173.75
2017-04-13 09:57:01,173.68,173.75
2017-04-13 09:57:02,173.68,173.75
2017-04-13 09:57:03,173.68,173.75
2017-04-13 09:57:04,173.68,173.75
2017-04-13 09:57:05,173.68,173.75
2017-04-13 09:57:06,173.68,173.75
2017-04-13 09:57:07,173.68,173.75
2017-04-13 09:57:08,173.68,173.75
2017-04-13 09:57:09,173.68,173.75
2017-04-13 09:57:10,173.68,173.75
2017-04-13 09:57:11,173.68,173.75
2017-04-13 09:57:12,173.68,173.75
2017-04-13 09:57:13,173.68,173.75
2017-04-13 09:57:14,173.68,173.75
2017-04-13 09:57:15,173.68,173.75
2017-04-13 09:57:16,173.68,173.75
2017-04-13 09:57:17,173.68,173.75
2017-04-13 09:57:18,173.68,173.75
2017-04-13 09:57:19,173.68,173.75
2017-04-13 09:57:20,173.68,173.75
2017-04-13 09:57:21,173.68,173.75
2017-04-13 09:57:22,173.68,173.75
2017-04-13 09:57:23,173.68,173.75
2017-04-13 09:57:24,173.68,173.75
2017-04-13 09:57:25,173.68,173.75
2017-04-13 09:57:26,173.68,173.75
2017-04-13 09:57:27,173.68,173.75
2017-04-13 09:57:28,173.68,173.75
2017-04-13 09:57:29,173.68,173.75
2017-04-13 09:57:30,173.68,173.75
2017-04-13 09:57:31,173.68,173.75
2017-04-13 09:57:32,173.68,173.75
2017-04-13 09:57:33,173.68,173.75
2017-04-13 09:57:34,173.68,173.75
2017-04-13 09:57:35,173.68,173.75
2017-04-13 09:57:36,173.68,173.75
2017-04-13 09:57:37,173.68,173.75
2017-04-13 09:57:38,173.68,173.75
2017-04-13 09:57:39,173.68,173.75
2017-04-13 09:57:40,173.68,173.75
2017-04-13 09:57:41,173.68,173.75
2017-04-13 09:57:42,173.68,173.75
2017-04-13 09:57:43,173.68,173.75
2017-04-13 09:57:44,173.72,173.81
2017-04-13 09:57:45,173.72,173.81
2017-04-13 09:57:46,173.72,173.81
2017-04-13 09:57:47,173.72,173.81
2017-04-13 09:57:48,173.72,173.81
2017-04-13 09:57:49,173.72,173.81
2017-04-13 09:57:50,173.72,173.81
2017-04-13 09:57:51,173.72,173.81
2017-04-13 09:57:52,173.72,173.81
2017-04-13 09:57:53,173.73,173.81
2017-04-13 09:57:54,173.73,173.8
2017-04-13 09:57:55,173.73,173.81
2017-04-13 09:57:56,173.73,173.8
2017-04-13 09:57:57,173.73,173.81
2017-04-13 09:57:58,173.73,173.8
2017-04-13 09:57:59,173.73,173.81
2017-04-13 09:58:00,173.73,173.8
2017-04-13 09:58:01,173.73,173.81
2017-04-13 09:58:02,173.73,173.8
2017-04-13 09:58:03,173.73,173.81
2017-04-13 09:58:04,173.73,173.81
2017-04-13 09:58:05,173.73,173.81
2017-04-13 09:58:06,173.73,173.81
2017-04-13 09:58:07,173.75,173.81
2017-04-13 09:58:08,173.75,173.81
2017-04-13 09:58:09,173.75,173.81
2017-04-13 09:58:10,173.75,173.81
2017-04-13 09:58:11,173.75,173.81
2017-04-13 09:58:12,173.75,173.81
2017-04-13 09:58:13,173.75,173.81
2017-04-13 09:58:14,173.75,173.81
2017-04-13 09:58:15,173.75,173.81
2017-04-13 09:58:16,173.75,173.81
2017-04-13 09:58:17,173.75,173.81
2017-04-13 09:58:18,173.75,173.81
2017-04-13 09:58:19,173.75,173.81
2017-04-13 09:58:20,173.75,173.81
2017-04-13 09:58:21,173.75,173.81
2017-04-13 09:58:22,173.75,173.81
2017-04-13 09:58:23,173.75,173.81
2017-04-13 09:58:24,173.75,173.81
2017-04-13 09:58:25,173.75,173.81
2017-04-13 09:58:26,173.75,173.81
2017-04-13 09:58:27,173.75,173.81
2017-04-13 09:58:28,173.75,173.81
2017-04-13 09:58:29,173.75,173.81
2017-04-13 09:58:30,173.75,173.81
2017-04-13 09:58:31,173.75,173.81
2017-04-13 09:58:32,173.75,173.81
2017-04-13 09:58:33,173.75,173.81
2017-04-13 09:58:34,173.75,173.81
2017-04-13 09:58:35,173.75,173.81
2017-04-13 09:58:36,173.75,173.81
2017-04-13 09:58:37,173.75,173.81
2017-04-13 09:58:38,173.75,173.81
2017-04-13 09:58:39,173.76,173.88
2017-04-13 09:58:40,173.77,173.84
2017-04-13 09:58:41,173.77,173.88
2017-04-13 09:58:42,173.77,173.87
2017-04-13 09:58:43,173.77,173.87
2017-04-13 09:58:44,173.76,173.86
2017-04-13 09:58:45,173.76,173.86
2017-04-13 09:58:46,173.82,173.87
2017-04-13 09:58:47,173.82,173.9
2017-04-13 09:58:48,173.83,173.86
2017-04-13 09:58:49,173.83,173.86
2017-04-13 09:58:50,173.88,174.0
2017-04-13 09:58:51,173.9,174.0
2017-04-13 09:58:52,173.9,174.0
2017-04-13 09:58:53,173.9,174.0
2017-04-13 09:58:54,173.9,174.0
2017-04-13 09:58:55,173.91,174.0
2017-04-13 09:58:56,173.92,174.0
2017-04-13 09:58:57,173.92,174.0
2017-04-13 09:58:58,173.92,174.0
2017-04-13 09:58:59,173.92,174.0
2017-04-13 09:59:00,173.92,174.0
2017-04-13 09:59:01,173.92,174.0
2017-04-13 09:59:02,173.92,174.0
2017-04-13 09:59:03,173.92,174.0
2017-04-13 09:59:04,173.92,174.0
2017-04-13 09:59:05,173.92,174.0
2017-04-13 09:59:06,173.92,174.0
2017-04-13 09:59:07,173.92,174.0
2017-04-13 09:59:08,173.92,174.0
2017-04-13 09:59:09,173.92,174.0
2017-04-13 09:59:10,173.92,174.0
2017-04-13 09:59:11,173.92,174.0
2017-04-13 09:59:12,173.93,174.0
2017-04-13 09:59:13,173.93,174.0
2017-04-13 09:59:14,173.93,174.0
2017-04-13 09:59:15,173.94,174.0
2017-04-13 09:59:16,173.94,174.0
2017-04-13 09:59:17,173.94,174.0
2017-04-13 09:59:18,173.95,174.0
2017-04-13 09:59:19,173.95,174.0
2017-04-13 09:59:20,173.95,174.0
2017-04-13 09:59:21,173.95,174.0
2017-04-13 09:59:22,173.84,173.93
2017-04-13 09:59:23,173.84,173.93
2017-04-13 09:59:24,173.84,173.91
2017-04-13 09:59:25,173.84,173.91
2017-04-13 09:59:26,173.84,173.91
2017-04-13 09:59:27,173.84,173.91
2017-04-13 09:59:28,173.84,173.91
2017-04-13 09:59:29,173.84,173.91
2017-04-13 09:59:30,173.84,173.91
2017-04-13 09:59:31,173.84,173.91
2017-04-13 09:59:32,173.84,173.91
2017-04-13 09:59:33,173.84,173.91
2017-04-13 09:59:34,173.84,173.91
2017-04-13 09:59:35,173.84,173.91
2017-04-13 09:59:36,173.84,173.91
2017-04-13 09:59:37,173.84,173.91
2017-04-13 09:59:38,173.69,173.89
2017-04-13 09:59:39,173.65,173.89
2017-04-13 09:59:40,173.65,173.84
2017-04-13 09:59:41,173.66,173.84
2017-04-13 09:59:42,173.66,173.84
2017-04-13 09:59:43,173.66,173.84
2017-04-13 09:59:44,173.66,173.84
2017-04-13 09:59:45,173.66,173.84
2017-04-13 09:59:46,173.66,173.84
2017-04-13 09:59:47,173.67,173.84
2017-04-13 09:59:48,173.67,173.84
2017-04-13 09:59:49,173.74,173.82
2017-04-13 09:59:50,173.73,173.78
2017-04-13 09:59:51,173.67,173.77
2017-04-13 09:59:52,173.67,173.75
2017-04-13 09:59:53,173.67,173.75
2017-04-13 09:59:54,173.67,173.75
2017-04-13 09:59:55,173.69,173.75
2017-04-13 09:59:56,173.65,173.75
2017-04-13 09:59:57,173.68,173.75
2017-04-13 09:59:58,173.72,173.84
2017-04-13 09:59:59,173.72,173.89
2017-04-13 10:00:00,173.74,173.89
2017-04-13 10:00:01,173.74,173.87
2017-04-13 10:00:02,173.74,173.87
2017-04-13 10:00:03,173.74,173.87
2017-04-13 10:00:04,173.77,173.86
2017-04-13 10:00:05,173.74,173.86
2017-04-13 10:00:06,173.74,173.82
2017-04-13 10:00:07,173.79,173.86
2017-04-13 10:00:08,173.79,173.85
2017-04-13 10:00:09,173.76,173.84
2017-04-13 10:00:10,173.74,173.83
2017-04-13 10:00:11,173.74,173.83
2017-04-13 10:00:12,173.76,173.83
2017-04-13 10:00:13,173.76,173.82
2017-04-13 10:00:14,173.76,173.82
2017-04-13 10:00:15,173.76,173.82
2017-04-13 10:00:16,173.76,173.82
2017-04-13 10:00:17,173.76,173.82
2017-04-13 10:00:18,173.76,173.82
2017-04-13 10:00:19,173.76,173.82
2017-04-13 10:00:20,173.76,173.82
2017-04-13 10:00:21,173.76,173.82
2017-04-13 10:00:22,173.76,173.82
2017-04-13 10:00:23,173.76,173.82
2017-04-13 10:00:24,173.76,173.82
2017-04-13 10:00:25,173.76,173.82
2017-04-13 10:00:26,173.76,173.82
2017-04-13 10:00:27,173.76,173.82
2017-04-13 10:00:28,173.76,173.82
2017-04-13 10:00:29,173.76,173.82
2017-04-13 10:00:30,173.76,173.82
2017-04-13 10:00:31,173.76,173.82
2017-04-13 10:00:32,173.76,173.82
2017-04-13 10:00:33,173.76,173.82
2017-04-13 10:00:34,173.76,173.82
2017-04-13 10:00:35,173.76,173.82
2017-04-13 10:00:36,173.76,173.82
2017-04-13 10:00:37,173.76,173.82
2017-04-13 10:00:38,173.76,173.82
2017-04-13 10:00:39,173.76,173.82
2017-04-13 10:00:40,173.76,173.82
2017-04-13 10:00:41,173.76,173.82
2017-04-13 10:00:42,173.76,173.82
2017-04-13 10:00:43,173.76,173.81
2017-04-13 10:00:44,173.76,173.81
2017-04-13 10:00:45,173.76,173.81
2017-04-13 10:00:46,173.76,173.81
2017-04-13 10:00:47,173.76,173.81
2017-04-13 10:00:48,173.76,173.81
2017-04-13 10:00:49,173.76,173.81
2017-04-13 10:00:50,173.76,173.81
2017-04-13 10:00:51,173.76,173.81
2017-04-13 10:00:52,173.76,173.81
2017-04-13 10:00:53,173.76,173.81
2017-04-13 10:00:54,173.76,173.81
2017-04-13 10:00:55,173.76,173.81
2017-04-13 10:00:56,173.69,173.78
2017-04-13 10:00:57,173.7,173.78
2017-04-13 10:00:58,173.7,173.78
2017-04-13 10:00:59,173.7,173.78
2017-04-13 10:01:00,173.71,173.76
2017-04-13 10:01:01,173.72,173.76
2017-04-13 10:01:02,173.72,173.76
2017-04-13 10:01:03,173.72,173.75
2017-04-13 10:01:04,173.7,173.75
2017-04-13 10:01:05,173.72,173.77
2017-04-13 10:01:06,173.71,173.77
2017-04-13 10:01:07,173.71,173.77
2017-04-13 10:01:08,173.71,173.77
2017-04-13 10:01:09,173.71,173.77
2017-04-13 10:01:10,173.71,173.77
2017-04-13 10:01:11,173.71,173.76
2017-04-13 10:01:12,173.71,173.76
2017-04-13 10:01:13,173.71,173.76
2017-04-13 10:01:14,173.71,173.79
2017-04-13 10:01:15,173.71,173.79
2017-04-13 10:01:16,173.71,173.79
2017-04-13 10:01:17,173.71,173.79
2017-04-13 10:01:18,173.71,173.79
2017-04-13 10:01:19,173.71,173.79
2017-04-13 10:01:20,173.71,173.79
2017-04-13 10:01:21,173.71,173.79
2017-04-13 10:01:22,173.71,173.79
2017-04-13 10:01:23,173.71,173.79
2017-04-13 10:01:24,173.71,173.79
2017-04-13 10:01:25,173.71,173.79
2017-04-13 10:01:26,173.71,173.79
2017-04-13 10:01:27,173.71,173.79
2017-04-13 10:01:28,173.73,173.81
2017-04-13 10:01:29,173.73,173.81
2017-04-13 10:01:30,173.73,173.81
2017-04-13 10:01:31,173.73,173.81
2017-04-13 10:01:32,173.73,173.81
2017-04-13 10:01:33,173.73,173.81
2017-04-13 10:01:34,173.73,173.81
2017-04-13 10:01:35,173.75,173.84
2017-04-13 10:01:36,173.74,173.84
2017-04-13 10:01:37,173.74,173.84
2017-04-13 10:01:38,173.74,173.83
2017-04-13 10:01:39,173.73,173.84
2017-04-13 10:01:40,173.74,173.82
2017-04-13 10:01:41,173.74,173.82
2017-04-13 10:01:42,173.74,173.82
2017-04-13 10:01:43,173.74,173.82
2017-04-13 10:01:44,173.74,173.82
2017-04-13 10:01:45,173.74,173.82
2017-04-13 10:01:46,173.73,173.81
2017-04-13 10:01:47,173.73,173.81
2017-04-13 10:01:48,173.73,173.81
2017-04-13 10:01:49,173.73,173.81
2017-04-13 10:01:50,173.73,173.81
2017-04-13 10:01:51,173.73,173.81
2017-04-13 10:01:52,173.73,173.81
2017-04-13 10:01:53,173.73,173.81
2017-04-13 10:01:54,173.73,173.81
2017-04-13 10:01:55,173.73,173.81
2017-04-13 10:01:56,173.73,173.81
2017-04-13 10:01:57,173.74,173.81
2017-04-13 10:01:58,173.74,173.81
2017-04-13 10:01:59,173.75,173.82
2017-04-13 10:02:00,173.77,173.82
2017-04-13 10:02:01,173.77,173.82
2017-04-13 10:02:02,173.76,173.83
2017-04-13 10:02:03,173.87,173.96
2017-04-13 10:02:04,173.9,173.99
2017-04-13 10:02:05,173.88,173.99
2017-04-13 10:02:06,173.88,173.99
2017-04-13 10:02:07,173.89,173.99
2017-04-13 10:02:08,173.9,173.99
2017-04-13 10:02:09,173.9,173.99
2017-04-13 10:02:10,173.89,173.99
2017-04-13 10:02:11,173.92,174.0
2017-04-13 10:02:12,173.92,174.0
2017-04-13 10:02:13,173.92,174.0
2017-04-13 10:02:14,173.92,174.0
2017-04-13 10:02:15,173.93,174.0
2017-04-13 10:02:16,173.93,174.0
2017-04-13 10:02:17,173.94,174.0
2017-04-13 10:02:18,173.94,174.0
2017-04-13 10:02:19,173.94,174.0
2017-04-13 10:02:20,173.94,174.0
2017-04-13 10:02:21,173.94,174.0
2017-04-13 10:02:22,173.94,174.0
2017-04-13 10:02:23,173.94,174.0
2017-04-13 10:02:24,173.94,174.0
2017-04-13 10:02:25,173.9,173.99
2017-04-13 10:02:26,173.9,174.0
2017-04-13 10:02:27,173.9,174.0
2017-04-13 10:02:28,173.9,173.98
2017-04-13 10:02:29,173.9,173.98
2017-04-13 10:02:30,173.9,173.98
2017-04-13 10:02:31,173.9,173.98
2017-04-13 10:02:32,173.9,173.98
2017-04-13 10:02:33,173.9,173.98
2017-04-13 10:02:34,173.9,173.98
2017-04-13 10:02:35,173.81,173.96
2017-04-13 10:02:36,173.84,173.96
2017-04-13 10:02:37,173.84,173.94
2017-04-13 10:02:38,173.79,173.94
2017-04-13 10:02:39,173.79,173.94
2017-04-13 10:02:40,173.8,173.94
2017-04-13 10:02:41,173.8,173.94
2017-04-13 10:02:42,173.8,173.94
2017-04-13 10:02:43,173.8,173.94
2017-04-13 10:02:44,173.8,173.94
2017-04-13 10:02:45,173.75,173.94
2017-04-13 10:02:46,173.75,173.94
2017-04-13 10:02:47,173.76,173.94
2017-04-13 10:02:48,173.76,173.94
2017-04-13 10:02:49,173.76,173.93
2017-04-13 10:02:50,173.76,173.93
2017-04-13 10:02:51,173.76,173.92
2017-04-13 10:02:52,173.76,173.92
2017-04-13 10:02:53,173.76,173.91
2017-04-13 10:02:54,173.76,173.91
2017-04-13 10:02:55,173.76,173.91
2017-04-13 10:02:56,173.76,173.91
2017-04-13 10:02:57,173.76,173.91
2017-04-13 10:02:58,173.76,173.91
2017-04-13 10:02:59,173.76,173.91
2017-04-13 10:03:00,173.76,173.91
2017-04-13 10:03:01,173.76,173.91
2017-04-13 10:03:02,173.76,173.91
2017-04-13 10:03:03,173.76,173.91
2017-04-13 10:03:04,173.76,173.91
2017-04-13 10:03:05,173.76,173.91
2017-04-13 10:03:06,173.76,173.91
2017-04-13 10:03:07,173.76,173.9
2017-04-13 10:03:08,173.76,173.9
2017-04-13 10:03:09,173.76,173.89
2017-04-13 10:03:10,173.76,173.89
2017-04-13 10:03:11,173.77,173.88
2017-04-13 10:03:12,173.77,173.88
2017-04-13 10:03:13,173.77,173.87
2017-04-13 10:03:14,173.77,173.87
2017-04-13 10:03:15,173.77,173.87
2017-04-13 10:03:16,173.77,173.86
2017-04-13 10:03:17,173.77,173.86
2017-04-13 10:03:18,173.77,173.86
2017-04-13 10:03:19,173.77,173.86
2017-04-13 10:03:20,173.77,173.86
2017-04-13 10:03:21,173.77,173.86
2017-04-13 10:03:22,173.77,173.86
2017-04-13 10:03:23,173.83,173.94
2017-04-13 10:03:24,173.83,173.94
2017-04-13 10:03:25,173.83,173.92
2017-04-13 10:03:26,173.83,173.92
2017-04-13 10:03:27,173.83,173.92
2017-04-13 10:03:28,173.83,173.92
2017-04-13 10:03:29,173.83,173.92
2017-04-13 10:03:30,173.83,173.92
2017-04-13 10:03:31,173.83,173.92
2017-04-13 10:03:32,173.83,173.92
2017-04-13 10:03:33,173.83,173.92
2017-04-13 10:03:34,173.83,173.92
2017-04-13 10:03:35,173.83,173.92
2017-04-13 10:03:36,173.83,173.92
2017-04-13 10:03:37,173.83,173.92
2017-04-13 10:03:38,173.83,173.92
2017-04-13 10:03:39,173.83,173.92
2017-04-13 10:03:40,173.83,173.92
2017-04-13 10:03:41,173.83,173.92
2017-04-13 10:03:42,173.83,173.92
2017-04-13 10:03:43,173.83,173.92
2017-04-13 10:03:44,173.83,173.92
2017-04-13 10:03:45,173.83,173.92
2017-04-13 10:03:46,173.83,173.92
2017-04-13 10:03:47,173.83,173.92
2017-04-13 10:03:48,173.83,173.92
2017-04-13 10:03:49,173.83,173.92
2017-04-13 10:03:50,173.83,173.92
2017-04-13 10:03:51,173.83,173.92
2017-04-13 10:03:52,173.83,173.92
2017-04-13 10:03:53,173.83,173.92
2017-04-13 10:03:54,173.83,173.92
2017-04-13 10:03:55,173.83,173.92
2017-04-13 10:03:56,173.83,173.92
2017-04-13 10:03:57,173.83,173.92
2017-04-13 10:03:58,173.83,173.92
2017-04-13 10:03:59,173.83,173.92
2017-04-13 10:04:00,173.83,173.92
2017-04-13 10:04:01,173.83,173.92
2017-04-13 10:04:02,173.83,173.92
2017-04-13 10:04:03,173.83,173.92
2017-04-13 10:04:04,173.83,173.92
2017-04-13 10:04:05,173.83,173.92
2017-04-13 10:04:06,173.83,173.92
2017-04-13 10:04:07,173.83,173.92
2017-04-13 10:04:08,173.83,173.92
2017-04-13 10:04:09,173.83,173.92
2017-04-13 10:04:10,173.83,173.92
2017-04-13 10:04:11,173.83,173.92
2017-04-13 10:04:12,173.83,173.92
2017-04-13 10:04:13,173.83,173.92
2017-04-13 10:04:14,173.84,173.92
2017-04-13 10:04:15,173.84,173.92
2017-04-13 10:04:16,173.84,173.92
2017-04-13 10:04:17,173.84,173.92
2017-04-13 10:04:18,173.84,173.9
2017-04-13 10:04:19,173.85,173.93
2017-04-13 10:04:20,173.85,173.93
2017-04-13 10:04:21,173.9,173.95
2017-04-13 10:04:22,173.9,173.94
2017-04-13 10:04:23,173.9,173.94
2017-04-13 10:04:24,173.9,173.94
2017-04-13 10:04:25,173.9,173.94
2017-04-13 10:04:26,173.92,173.98
2017-04-13 10:04:27,173.92,173.98
2017-04-13 10:04:28,173.93,173.97
2017-04-13 10:04:29,173.92,173.99
2017-04-13 10:04:30,173.93,173.99
2017-04-13 10:04:31,173.93,173.99
2017-04-13 10:04:32,173.93,173.99
2017-04-13 10:04:33,173.93,173.99
2017-04-13 10:04:34,173.93,173.99
2017-04-13 10:04:35,173.93,173.99
2017-04-13 10:04:36,173.93,173.99
2017-04-13 10:04:37,173.93,173.99
2017-04-13 10:04:38,173.97,173.99
2017-04-13 10:04:39,173.97,174.01
2017-04-13 10:04:40,173.97,174.01
2017-04-13 10:04:41,173.97,174.01
2017-04-13 10:04:42,173.97,174.01
2017-04-13 10:04:43,173.97,174.01
2017-04-13 10:04:44,173.97,174.01
2017-04-13 10:04:45,173.97,174.01
2017-04-13 10:04:46,173.97,174.01
2017-04-13 10:04:47,173.97,174.01
2017-04-13 10:04:48,173.97,174.01
2017-04-13 10:04:49,173.97,174.01
2017-04-13 10:04:50,173.97,174.01
2017-04-13 10:04:51,173.97,174.01
2017-04-13 10:04:52,173.97,174.05
2017-04-13 10:04:53,173.97,174.06
2017-04-13 10:04:54,173.97,174.06
2017-04-13 10:04:55,173.97,174.06
2017-04-13 10:04:56,173.97,174.06
2017-04-13 10:04:57,173.97,174.06
2017-04-13 10:04:58,174.01,174.06
2017-04-13 10:04:59,174.01,174.1
2017-04-13 10:05:00,174.01,174.1
2017-04-13 10:05:01,174.01,174.1
2017-04-13 10:05:02,174.01,174.1
2017-04-13 10:05:03,174.01,174.1
2017-04-13 10:05:04,174.06,174.1
2017-04-13 10:05:05,174.06,174.1
2017-04-13 10:05:06,174.06,174.1
2017-04-13 10:05:07,174.06,174.1
2017-04-13 10:05:08,174.06,174.1
2017-04-13 10:05:09,174.06,174.1
2017-04-13 10:05:10,174.05,174.1
2017-04-13 10:05:11,174.05,174.1
2017-04-13 10:05:12,174.05,174.1
2017-04-13 10:05:13,174.05,174.1
2017-04-13 10:05:14,174.05,174.1
2017-04-13 10:05:15,174.06,174.1
2017-04-13 10:05:16,174.06,174.11
2017-04-13 10:05:17,174.06,174.11
2017-04-13 10:05:18,173.97,174.07
2017-04-13 10:05:19,173.97,174.06
2017-04-13 10:05:20,173.97,174.07
2017-04-13 10:05:21,173.97,174.05
2017-04-13 10:05:22,173.97,174.05
2017-04-13 10:05:23,173.97,174.05
2017-04-13 10:05:24,173.97,174.05
2017-04-13 10:05:25,173.97,174.05
2017-04-13 10:05:26,173.97,174.05
2017-04-13 10:05:27,173.97,174.03
2017-04-13 10:05:28,173.97,174.03
2017-04-13 10:05:29,173.97,174.03
2017-04-13 10:05:30,173.97,174.03
2017-04-13 10:05:31,173.97,174.03
2017-04-13 10:05:32,173.97,174.03
2017-04-13 10:05:33,173.97,174.03
2017-04-13 10:05:34,173.97,174.03
2017-04-13 10:05:35,173.97,174.03
2017-04-13 10:05:36,173.97,174.03
2017-04-13 10:05:37,173.97,174.03
2017-04-13 10:05:38,173.97,174.03
2017-04-13 10:05:39,173.97,174.03
2017-04-13 10:05:40,173.97,174.03
2017-04-13 10:05:41,173.97,174.03
2017-04-13 10:05:42,173.97,174.03
2017-04-13 10:05:43,173.97,174.03
2017-04-13 10:05:44,173.97,174.03
2017-04-13 10:05:45,173.97,174.03
2017-04-13 10:05:46,173.97,174.03
2017-04-13 10:05:47,173.97,174.03
2017-04-13 10:05:48,173.97,174.03
2017-04-13 10:05:49,173.97,174.03
2017-04-13 10:05:50,173.97,174.03
2017-04-13 10:05:51,173.97,174.03
2017-04-13 10:05:52,173.97,174.03
2017-04-13 10:05:53,173.97,174.03
2017-04-13 10:05:54,173.97,174.03
2017-04-13 10:05:55,173.97,174.03
2017-04-13 10:05:56,173.97,174.03
2017-04-13 10:05:57,173.97,174.03
2017-04-13 10:05:58,173.97,174.03
2017-04-13 10:05:59,173.98,174.03
2017-04-13 10:06:00,173.98,174.04
2017-04-13 10:06:01,173.98,174.04
2017-04-13 10:06:02,173.98,174.04
2017-04-13 10:06:03,173.98,174.04
2017-04-13 10:06:04,173.98,174.04
2017-04-13 10:06:05,173.98,174.04
2017-04-13 10:06:06,173.98,174.04
2017-04-13 10:06:07,173.98,174.04
2017-04-13 10:06:08,173.98,174.04
2017-04-13 10:06:09,173.98,174.04
2017-04-13 10:06:10,173.98,174.04
2017-04-13 10:06:11,173.98,174.04
2017-04-13 10:06:12,173.98,174.04
2017-04-13 10:06:13,173.98,174.04
2017-04-13 10:06:14,173.98,174.04
2017-04-13 10:06:15,173.98,174.04
2017-04-13 10:06:16,173.98,174.04
2017-04-13 10:06:17,173.98,174.04
2017-04-13 10:06:18,173.99,174.04
2017-04-13 10:06:19,173.99,174.04
2017-04-13 10:06:20,173.99,174.04
2017-04-13 10:06:21,174.01,174.08
2017-04-13 10:06:22,174.0,174.07
2017-04-13 10:06:23,174.01,174.06
2017-04-13 10:06:24,174.01,174.06
2017-04-13 10:06:25,174.01,174.06
2017-04-13 10:06:26,174.01,174.06
2017-04-13 10:06:27,174.01,174.06
2017-04-13 10:06:28,174.01,174.06
2017-04-13 10:06:29,174.01,174.06
2017-04-13 10:06:30,174.01,174.06
2017-04-13 10:06:31,174.01,174.06
2017-04-13 10:06:32,174.01,174.06
2017-04-13 10:06:33,174.01,174.06
2017-04-13 10:06:34,174.01,174.06
2017-04-13 10:06:35,174.01,174.06
2017-04-13 10:06:36,174.01,174.06
2017-04-13 10:06:37,174.01,174.06
2017-04-13 10:06:38,174.01,174.06
2017-04-13 10:06:39,174.01,174.06
2017-04-13 10:06:40,174.01,174.06
2017-04-13 10:06:41,174.01,174.06
2017-04-13 10:06:42,174.03,174.06
2017-04-13 10:06:43,174.02,174.05
2017-04-13 10:06:44,173.89,174.01
2017-04-13 10:06:45,173.89,173.99
2017-04-13 10:06:46,173.89,173.99
2017-04-13 10:06:47,173.89,173.99
2017-04-13 10:06:48,173.89,173.99
2017-04-13 10:06:49,173.89,173.99
2017-04-13 10:06:50,173.89,173.99
2017-04-13 10:06:51,173.89,173.99
2017-04-13 10:06:52,173.89,173.99
2017-04-13 10:06:53,173.89,173.99
2017-04-13 10:06:54,173.89,173.99
2017-04-13 10:06:55,173.89,173.99
2017-04-13 10:06:56,173.89,173.99
2017-04-13 10:06:57,173.89,173.98
2017-04-13 10:06:58,173.89,173.98
2017-04-13 10:06:59,173.89,173.98
2017-04-13 10:07:00,173.89,173.98
2017-04-13 10:07:01,173.85,173.98
2017-04-13 10:07:02,173.86,173.98
2017-04-13 10:07:03,173.86,173.98
2017-04-13 10:07:04,173.86,173.96
2017-04-13 10:07:05,173.86,173.96
2017-04-13 10:07:06,173.86,173.94
2017-04-13 10:07:07,173.86,173.94
2017-04-13 10:07:08,173.86,173.94
2017-04-13 10:07:09,173.86,173.94
2017-04-13 10:07:10,173.86,173.94
2017-04-13 10:07:11,173.88,173.94
2017-04-13 10:07:12,173.88,173.94
2017-04-13 10:07:13,173.88,173.94
2017-04-13 10:07:14,173.88,173.92
2017-04-13 10:07:15,173.88,173.92
2017-04-13 10:07:16,173.88,173.91
2017-04-13 10:07:17,173.88,173.91
2017-04-13 10:07:18,173.88,173.93
2017-04-13 10:07:19,173.88,173.93
2017-04-13 10:07:20,173.88,173.93
2017-04-13 10:07:21,173.88,173.93
2017-04-13 10:07:22,173.88,173.93
2017-04-13 10:07:23,173.88,173.93
2017-04-13 10:07:24,173.88,173.93
2017-04-13 10:07:25,173.88,173.93
2017-04-13 10:07:26,173.88,173.93
2017-04-13 10:07:27,173.88,173.93
2017-04-13 10:07:28,173.88,173.93
2017-04-13 10:07:29,173.88,173.93
2017-04-13 10:07:30,173.91,173.99
2017-04-13 10:07:31,173.9,174.0
2017-04-13 10:07:32,173.9,173.99
2017-04-13 10:07:33,173.9,174.0
2017-04-13 10:07:34,173.9,174.0
2017-04-13 10:07:35,173.9,173.98
2017-04-13 10:07:36,173.9,173.97
2017-04-13 10:07:37,173.9,173.97
2017-04-13 10:07:38,173.9,173.97
2017-04-13 10:07:39,173.9,173.96
2017-04-13 10:07:40,173.9,173.96
2017-04-13 10:07:41,173.9,173.96
2017-04-13 10:07:42,173.9,173.97
2017-04-13 10:07:43,173.89,173.96
2017-04-13 10:07:44,173.89,173.96
2017-04-13 10:07:45,173.89,173.95
2017-04-13 10:07:46,173.9,173.97
2017-04-13 10:07:47,173.9,174.0
2017-04-13 10:07:48,173.9,174.0
2017-04-13 10:07:49,173.95,174.0
2017-04-13 10:07:50,173.89,173.95
2017-04-13 10:07:51,173.89,173.95
2017-04-13 10:07:52,173.89,173.95
2017-04-13 10:07:53,173.89,173.95
2017-04-13 10:07:54,173.89,173.95
2017-04-13 10:07:55,173.89,173.95
2017-04-13 10:07:56,173.92,173.96
2017-04-13 10:07:57,173.92,173.96
2017-04-13 10:07:58,173.97,174.0
2017-04-13 10:07:59,173.98,174.02
2017-04-13 10:08:00,173.98,174.02
2017-04-13 10:08:01,174.0,174.02
2017-04-13 10:08:02,174.0,174.04
2017-04-13 10:08:03,174.01,174.04
2017-04-13 10:08:04,174.01,174.04
2017-04-13 10:08:05,174.02,174.13
2017-04-13 10:08:06,174.02,174.13
2017-04-13 10:08:07,174.0,174.13
2017-04-13 10:08:08,174.0,174.13
2017-04-13 10:08:09,174.0,174.13
2017-04-13 10:08:10,174.07,174.2
2017-04-13 10:08:11,174.07,174.19
2017-04-13 10:08:12,174.07,174.19
2017-04-13 10:08:13,174.07,174.19
2017-04-13 10:08:14,174.07,174.19
2017-04-13 10:08:15,174.07,174.19
2017-04-13 10:08:16,174.02,174.11
2017-04-13 10:08:17,174.02,174.11
2017-04-13 10:08:18,174.02,174.11
2017-04-13 10:08:19,174.02,174.11
2017-04-13 10:08:20,174.02,174.12
2017-04-13 10:08:21,174.02,174.12
2017-04-13 10:08:22,174.02,174.12
2017-04-13 10:08:23,174.02,174.12
2017-04-13 10:08:24,174.02,174.12
2017-04-13 10:08:25,174.02,174.12
2017-04-13 10:08:26,174.02,174.12
2017-04-13 10:08:27,174.06,174.12
2017-04-13 10:08:28,174.06,174.12
2017-04-13 10:08:29,174.07,174.13
2017-04-13 10:08:30,174.07,174.13
2017-04-13 10:08:31,174.0,174.07
2017-04-13 10:08:32,174.0,174.03
2017-04-13 10:08:33,174.0,174.03
2017-04-13 10:08:34,173.92,174.0
2017-04-13 10:08:35,173.88,174.01
2017-04-13 10:08:36,173.88,173.96
2017-04-13 10:08:37,173.88,173.95
2017-04-13 10:08:38,173.88,173.95
2017-04-13 10:08:39,173.88,173.95
2017-04-13 10:08:40,173.88,173.95
2017-04-13 10:08:41,173.88,173.95
2017-04-13 10:08:42,173.88,173.95
2017-04-13 10:08:43,173.88,173.95
2017-04-13 10:08:44,173.88,173.95
2017-04-13 10:08:45,173.88,173.95
2017-04-13 10:08:46,173.88,173.95
2017-04-13 10:08:47,173.88,173.94
2017-04-13 10:08:48,173.88,173.94
2017-04-13 10:08:49,173.88,173.94
2017-04-13 10:08:50,173.88,173.94
2017-04-13 10:08:51,173.88,173.94
2017-04-13 10:08:52,173.88,173.94
2017-04-13 10:08:53,173.88,173.94
2017-04-13 10:08:54,173.88,173.94
2017-04-13 10:08:55,173.88,173.94
2017-04-13 10:08:56,173.88,173.94
2017-04-13 10:08:57,173.88,173.93
2017-04-13 10:08:58,173.88,173.93
2017-04-13 10:08:59,173.88,173.93
2017-04-13 10:09:00,173.88,173.93
2017-04-13 10:09:01,173.88,173.92
2017-04-13 10:09:02,173.88,173.92
2017-04-13 10:09:03,173.88,173.92
2017-04-13 10:09:04,173.88,173.92
2017-04-13 10:09:05,173.88,173.92
2017-04-13 10:09:06,173.88,173.92
2017-04-13 10:09:07,173.88,173.92
2017-04-13 10:09:08,173.88,173.92
2017-04-13 10:09:09,173.89,173.92
2017-04-13 10:09:10,173.89,173.92
2017-04-13 10:09:11,173.89,173.92
2017-04-13 10:09:12,173.89,173.92
2017-04-13 10:09:13,173.89,173.92
2017-04-13 10:09:14,173.89,173.92
2017-04-13 10:09:15,173.89,173.92
2017-04-13 10:09:16,173.89,173.92
2017-04-13 10:09:17,173.89,173.92
2017-04-13 10:09:18,173.89,173.92
2017-04-13 10:09:19,173.89,173.92
2017-04-13 10:09:20,173.89,173.92
2017-04-13 10:09:21,173.89,173.92
2017-04-13 10:09:22,173.89,173.92
2017-04-13 10:09:23,173.89,173.92
2017-04-13 10:09:24,173.89,173.92
2017-04-13 10:09:25,173.89,173.92
2017-04-13 10:09:26,173.89,173.92
2017-04-13 10:09:27,173.89,173.92
2017-04-13 10:09:28,173.9,174.0
2017-04-13 10:09:29,173.89,174.0
2017-04-13 10:09:30,173.9,173.98
2017-04-13 10:09:31,173.9,173.98
2017-04-13 10:09:32,173.9,173.97
2017-04-13 10:09:33,173.9,173.96
2017-04-13 10:09:34,173.9,173.96
2017-04-13 10:09:35,173.9,173.96
2017-04-13 10:09:36,173.9,173.95
2017-04-13 10:09:37,173.9,173.95
2017-04-13 10:09:38,173.9,173.95
2017-04-13 10:09:39,173.83,173.89
2017-04-13 10:09:40,173.83,173.89
2017-04-13 10:09:41,173.83,173.89
2017-04-13 10:09:42,173.83,173.89
2017-04-13 10:09:43,173.83,173.89
2017-04-13 10:09:44,173.83,173.89
2017-04-13 10:09:45,173.83,173.89
2017-04-13 10:09:46,173.83,173.89
2017-04-13 10:09:47,173.83,173.89
2017-04-13 10:09:48,173.83,173.89
2017-04-13 10:09:49,173.83,173.89
2017-04-13 10:09:50,173.83,173.89
2017-04-13 10:09:51,173.83,173.89
2017-04-13 10:09:52,173.83,173.89
2017-04-13 10:09:53,173.83,173.89
2017-04-13 10:09:54,173.83,173.89
2017-04-13 10:09:55,173.83,173.89
2017-04-13 10:09:56,173.83,173.89
2017-04-13 10:09:57,173.83,173.89
2017-04-13 10:09:58,173.83,173.89
2017-04-13 10:09:59,173.83,173.89
2017-04-13 10:10:00,173.83,173.89
2017-04-13 10:10:01,173.83,173.89
2017-04-13 10:10:02,173.83,173.89
2017-04-13 10:10:03,173.83,173.89
2017-04-13 10:10:04,173.78,173.88
2017-04-13 10:10:05,173.75,173.86
2017-04-13 10:10:06,173.75,173.84
2017-04-13 10:10:07,173.75,173.84
2017-04-13 10:10:08,173.75,173.84
2017-04-13 10:10:09,173.75,173.84
2017-04-13 10:10:10,173.75,173.84
2017-04-13 10:10:11,173.75,173.84
2017-04-13 10:10:12,173.75,173.84
2017-04-13 10:10:13,173.75,173.84
2017-04-13 10:10:14,173.75,173.82
2017-04-13 10:10:15,173.75,173.82
2017-04-13 10:10:16,173.75,173.82
2017-04-13 10:10:17,173.75,173.82
2017-04-13 10:10:18,173.75,173.82
2017-04-13 10:10:19,173.75,173.82
2017-04-13 10:10:20,173.75,173.82
2017-04-13 10:10:21,173.75,173.82
2017-04-13 10:10:22,173.75,173.82
2017-04-13 10:10:23,173.75,173.82
2017-04-13 10:10:24,173.75,173.82
2017-04-13 10:10:25,173.75,173.82
2017-04-13 10:10:26,173.7,173.79
2017-04-13 10:10:27,173.7,173.79
2017-04-13 10:10:28,173.7,173.75
2017-04-13 10:10:29,173.7,173.75
2017-04-13 10:10:30,173.7,173.75
2017-04-13 10:10:31,173.7,173.75
2017-04-13 10:10:32,173.7,173.75
2017-04-13 10:10:33,173.7,173.75
2017-04-13 10:10:34,173.7,173.75
2017-04-13 10:10:35,173.7,173.75
2017-04-13 10:10:36,173.7,173.75
2017-04-13 10:10:37,173.7,173.75
2017-04-13 10:10:38,173.7,173.75
2017-04-13 10:10:39,173.7,173.75
2017-04-13 10:10:40,173.7,173.75
2017-04-13 10:10:41,173.7,173.75
2017-04-13 10:10:42,173.7,173.75
2017-04-13 10:10:43,173.7,173.75
2017-04-13 10:10:44,173.7,173.75
2017-04-13 10:10:45,173.7,173.75
2017-04-13 10:10:46,173.7,173.75
2017-04-13 10:10:47,173.7,173.75
2017-04-13 10:10:48,173.7,173.75
2017-04-13 10:10:49,173.7,173.75
2017-04-13 10:10:50,173.7,173.75
2017-04-13 10:10:51,173.7,173.75
2017-04-13 10:10:52,173.7,173.75
2017-04-13 10:10:53,173.7,173.75
2017-04-13 10:10:54,173.7,173.75
2017-04-13 10:10:55,173.7,173.75
2017-04-13 10:10:56,173.7,173.75
2017-04-13 10:10:57,173.7,173.75
2017-04-13 10:10:58,173.7,173.75
2017-04-13 10:10:59,173.7,173.75
2017-04-13 10:11:00,173.7,173.75
2017-04-13 10:11:01,173.7,173.75
2017-04-13 10:11:02,173.7,173.75
2017-04-13 10:11:03,173.7,173.75
2017-04-13 10:11:04,173.7,173.75
2017-04-13 10:11:05,173.7,173.75
2017-04-13 10:11:06,173.65,173.74
2017-04-13 10:11:07,173.65,173.74
2017-04-13 10:11:08,173.65,173.74
2017-04-13 10:11:09,173.65,173.74
2017-04-13 10:11:10,173.64,173.72
2017-04-13 10:11:11,173.64,173.72
2017-04-13 10:11:12,173.64,173.72
2017-04-13 10:11:13,173.64,173.72
2017-04-13 10:11:14,173.64,173.72
2017-04-13 10:11:15,173.64,173.72
2017-04-13 10:11:16,173.64,173.72
2017-04-13 10:11:17,173.64,173.72
2017-04-13 10:11:18,173.64,173.72
2017-04-13 10:11:19,173.64,173.72
2017-04-13 10:11:20,173.64,173.72
2017-04-13 10:11:21,173.64,173.72
2017-04-13 10:11:22,173.64,173.71
2017-04-13 10:11:23,173.64,173.71
2017-04-13 10:11:24,173.64,173.71
2017-04-13 10:11:25,173.64,173.71
2017-04-13 10:11:26,173.65,173.71
2017-04-13 10:11:27,173.65,173.71
2017-04-13 10:11:28,173.65,173.71
2017-04-13 10:11:29,173.65,173.71
2017-04-13 10:11:30,173.65,173.71
2017-04-13 10:11:31,173.65,173.71
2017-04-13 10:11:32,173.65,173.71
2017-04-13 10:11:33,173.65,173.7
2017-04-13 10:11:34,173.65,173.7
2017-04-13 10:11:35,173.65,173.7
2017-04-13 10:11:36,173.65,173.7
2017-04-13 10:11:37,173.65,173.7
2017-04-13 10:11:38,173.65,173.7
2017-04-13 10:11:39,173.65,173.7
2017-04-13 10:11:40,173.65,173.7
2017-04-13 10:11:41,173.65,173.7
2017-04-13 10:11:42,173.65,173.7
2017-04-13 10:11:43,173.67,173.7
2017-04-13 10:11:44,173.67,173.7
2017-04-13 10:11:45,173.72,173.78
2017-04-13 10:11:46,173.72,173.78
2017-04-13 10:11:47,173.72,173.78
2017-04-13 10:11:48,173.72,173.78
2017-04-13 10:11:49,173.72,173.78
2017-04-13 10:11:50,173.72,173.82
2017-04-13 10:11:51,173.72,173.82
2017-04-13 10:11:52,173.72,173.82
2017-04-13 10:11:53,173.72,173.82
2017-04-13 10:11:54,173.83,173.9
2017-04-13 10:11:55,173.85,173.9
2017-04-13 10:11:56,173.85,173.9
2017-04-13 10:11:57,173.85,173.9
2017-04-13 10:11:58,173.85,173.9
2017-04-13 10:11:59,173.85,173.9
2017-04-13 10:12:00,173.85,173.9
2017-04-13 10:12:01,173.85,173.9
2017-04-13 10:12:02,173.85,173.9
2017-04-13 10:12:03,173.85,173.9
2017-04-13 10:12:04,173.85,173.9
2017-04-13 10:12:05,173.85,173.9
2017-04-13 10:12:06,173.85,173.9
2017-04-13 10:12:07,173.85,173.9
2017-04-13 10:12:08,173.85,173.91
2017-04-13 10:12:09,173.85,173.91
2017-04-13 10:12:10,173.85,173.91
2017-04-13 10:12:11,173.85,173.91
2017-04-13 10:12:12,173.85,173.91
2017-04-13 10:12:13,173.86,173.91
2017-04-13 10:12:14,173.86,173.91
2017-04-13 10:12:15,173.87,173.92
2017-04-13 10:12:16,173.87,173.92
2017-04-13 10:12:17,173.87,173.92
2017-04-13 10:12:18,173.89,173.94
2017-04-13 10:12:19,173.89,173.94
2017-04-13 10:12:20,173.89,173.94
2017-04-13 10:12:21,173.89,173.94
2017-04-13 10:12:22,173.89,173.92
2017-04-13 10:12:23,173.9,173.94
2017-04-13 10:12:24,173.91,173.94
2017-04-13 10:12:25,173.91,173.94
2017-04-13 10:12:26,173.91,173.94
2017-04-13 10:12:27,173.86,173.91
2017-04-13 10:12:28,173.86,173.91
2017-04-13 10:12:29,173.86,173.9
2017-04-13 10:12:30,173.87,173.91
2017-04-13 10:12:31,173.9,173.94
2017-04-13 10:12:32,173.9,173.94
2017-04-13 10:12:33,173.91,173.94
2017-04-13 10:12:34,173.91,173.94
2017-04-13 10:12:35,173.91,173.94
2017-04-13 10:12:36,173.91,173.94
2017-04-13 10:12:37,173.9,173.94
2017-04-13 10:12:38,173.96,173.99
2017-04-13 10:12:39,173.97,173.99
2017-04-13 10:12:40,173.97,173.99
2017-04-13 10:12:41,173.97,173.99
2017-04-13 10:12:42,173.97,173.99
2017-04-13 10:12:43,173.97,173.99
2017-04-13 10:12:44,173.97,173.99
2017-04-13 10:12:45,173.97,173.99
2017-04-13 10:12:46,173.97,173.99
2017-04-13 10:12:47,173.97,173.99
2017-04-13 10:12:48,173.97,173.99
2017-04-13 10:12:49,173.97,173.99
2017-04-13 10:12:50,173.97,173.99
2017-04-13 10:12:51,173.97,173.99
2017-04-13 10:12:52,173.97,173.99
2017-04-13 10:12:53,173.97,173.99
2017-04-13 10:12:54,173.97,173.99
2017-04-13 10:12:55,173.98,173.99
2017-04-13 10:12:56,173.98,173.99
2017-04-13 10:12:57,173.98,174.07
2017-04-13 10:12:58,173.98,174.07
2017-04-13 10:12:59,174.02,174.08
2017-04-13 10:13:00,174.02,174.07
2017-04-13 10:13:01,174.04,174.07
2017-04-13 10:13:02,174.08,174.15
2017-04-13 10:13:03,174.08,174.13
2017-04-13 10:13:04,174.08,174.13
2017-04-13 10:13:05,174.02,174.08
2017-04-13 10:13:06,173.91,174.01
2017-04-13 10:13:07,173.91,174.01
2017-04-13 10:13:08,173.91,174.01
2017-04-13 10:13:09,173.91,173.99
2017-04-13 10:13:10,173.97,173.99
2017-04-13 10:13:11,173.79,173.91
2017-04-13 10:13:12,173.78,173.91
2017-04-13 10:13:13,173.84,173.89
2017-04-13 10:13:14,173.84,173.89
2017-04-13 10:13:15,173.84,173.89
2017-04-13 10:13:16,173.85,173.96
2017-04-13 10:13:17,173.85,173.96
2017-04-13 10:13:18,173.89,173.96
2017-04-13 10:13:19,173.85,173.96
2017-04-13 10:13:20,173.9,173.96
2017-04-13 10:13:21,173.9,173.96
2017-04-13 10:13:22,173.85,173.96
2017-04-13 10:13:23,173.85,173.96
2017-04-13 10:13:24,173.85,173.96
2017-04-13 10:13:25,173.85,173.96
2017-04-13 10:13:26,173.9,173.95
2017-04-13 10:13:27,173.9,173.95
2017-04-13 10:13:28,173.84,173.93
2017-04-13 10:13:29,173.84,173.93
2017-04-13 10:13:30,173.84,173.93
2017-04-13 10:13:31,173.84,173.93
2017-04-13 10:13:32,173.84,173.91
2017-04-13 10:13:33,173.84,173.91
2017-04-13 10:13:34,173.84,173.91
2017-04-13 10:13:35,173.84,173.91
2017-04-13 10:13:36,173.84,173.9
2017-04-13 10:13:37,173.84,173.9
2017-04-13 10:13:38,173.84,173.9
2017-04-13 10:13:39,173.84,173.9
2017-04-13 10:13:40,173.84,173.9
2017-04-13 10:13:41,173.84,173.9
2017-04-13 10:13:42,173.84,173.89
2017-04-13 10:13:43,173.84,173.89
2017-04-13 10:13:44,173.8,173.84
2017-04-13 10:13:45,173.79,173.84
2017-04-13 10:13:46,173.82,173.87
2017-04-13 10:13:47,173.82,173.92
2017-04-13 10:13:48,173.82,173.91
2017-04-13 10:13:49,173.83,173.91
2017-04-13 10:13:50,173.83,173.91
2017-04-13 10:13:51,173.83,173.91
2017-04-13 10:13:52,173.83,173.91
2017-04-13 10:13:53,173.83,173.91
2017-04-13 10:13:54,173.87,173.92
2017-04-13 10:13:55,173.87,173.91
2017-04-13 10:13:56,173.87,173.91
2017-04-13 10:13:57,173.87,173.91
2017-04-13 10:13:58,173.87,173.91
2017-04-13 10:13:59,173.87,173.91
2017-04-13 10:14:00,173.87,173.91
2017-04-13 10:14:01,173.83,173.91
2017-04-13 10:14:02,173.83,173.9
2017-04-13 10:14:03,173.83,173.9
2017-04-13 10:14:04,173.84,173.9
2017-04-13 10:14:05,173.84,173.9
2017-04-13 10:14:06,173.84,173.9
2017-04-13 10:14:07,173.84,173.9
2017-04-13 10:14:08,173.84,173.9
2017-04-13 10:14:09,173.84,173.9
2017-04-13 10:14:10,173.84,173.89
2017-04-13 10:14:11,173.84,173.89
2017-04-13 10:14:12,173.84,173.89
2017-04-13 10:14:13,173.84,173.89
2017-04-13 10:14:14,173.84,173.89
2017-04-13 10:14:15,173.84,173.89
2017-04-13 10:14:16,173.84,173.89
2017-04-13 10:14:17,173.84,173.89
2017-04-13 10:14:18,173.84,173.89
2017-04-13 10:14:19,173.84,173.89
2017-04-13 10:14:20,173.84,173.89
2017-04-13 10:14:21,173.84,173.89
2017-04-13 10:14:22,173.84,173.89
2017-04-13 10:14:23,173.84,173.89
2017-04-13 10:14:24,173.84,173.89
2017-04-13 10:14:25,173.84,173.89
2017-04-13 10:14:26,173.84,173.89
2017-04-13 10:14:27,173.84,173.89
2017-04-13 10:14:28,173.84,173.89
2017-04-13 10:14:29,173.84,173.89
2017-04-13 10:14:30,173.84,173.89
2017-04-13 10:14:31,173.84,173.89
2017-04-13 10:14:32,173.84,173.89
2017-04-13 10:14:33,173.84,173.89
2017-04-13 10:14:34,173.84,173.89
2017-04-13 10:14:35,173.84,173.89
2017-04-13 10:14:36,173.84,173.89
2017-04-13 10:14:37,173.84,173.89
2017-04-13 10:14:38,173.84,173.89
2017-04-13 10:14:39,173.84,173.89
2017-04-13 10:14:40,173.84,173.89
2017-04-13 10:14:41,173.84,173.89
2017-04-13 10:14:42,173.84,173.89
2017-04-13 10:14:43,173.84,173.89
2017-04-13 10:14:44,173.87,173.94
2017-04-13 10:14:45,173.87,173.94
2017-04-13 10:14:46,173.87,173.94
2017-04-13 10:14:47,173.87,173.94
2017-04-13 10:14:48,173.87,173.94
2017-04-13 10:14:49,173.94,173.98
2017-04-13 10:14:50,173.96,174.01
2017-04-13 10:14:51,173.96,174.01
2017-04-13 10:14:52,173.96,174.01
2017-04-13 10:14:53,173.96,174.01
2017-04-13 10:14:54,173.96,174.01
2017-04-13 10:14:55,173.96,174.01
2017-04-13 10:14:56,173.96,174.01
2017-04-13 10:14:57,173.98,174.04
2017-04-13 10:14:58,173.98,174.04
2017-04-13 10:14:59,173.98,174.03
2017-04-13 10:15:00,173.98,174.03
2017-04-13 10:15:01,174.04,174.12
2017-04-13 10:15:02,174.02,174.09
2017-04-13 10:15:03,174.02,174.09
2017-04-13 10:15:04,174.02,174.09
2017-04-13 10:15:05,174.02,174.09
2017-04-13 10:15:06,174.02,174.09
2017-04-13 10:15:07,174.02,174.09
2017-04-13 10:15:08,174.02,174.09
2017-04-13 10:15:09,174.02,174.09
2017-04-13 10:15:10,174.02,174.09
2017-04-13 10:15:11,174.02,174.09
2017-04-13 10:15:12,174.02,174.09
2017-04-13 10:15:13,174.02,174.09
2017-04-13 10:15:14,174.02,174.09
2017-04-13 10:15:15,174.02,174.09
2017-04-13 10:15:16,174.02,174.09
2017-04-13 10:15:17,174.03,174.12
2017-04-13 10:15:18,174.03,174.12
2017-04-13 10:15:19,174.03,174.1
2017-04-13 10:15:20,174.06,174.11
2017-04-13 10:15:21,174.03,174.11
2017-04-13 10:15:22,174.06,174.11
2017-04-13 10:15:23,174.06,174.11
2017-04-13 10:15:24,174.06,174.11
2017-04-13 10:15:25,174.06,174.11
2017-04-13 10:15:26,174.06,174.1
2017-04-13 10:15:27,174.06,174.1
2017-04-13 10:15:28,174.06,174.1
2017-04-13 10:15:29,174.1,174.11
2017-04-13 10:15:30,174.1,174.11
2017-04-13 10:15:31,174.1,174.11
2017-04-13 10:15:32,174.1,174.13
2017-04-13 10:15:33,174.1,174.13
2017-04-13 10:15:34,173.99,174.09
2017-04-13 10:15:35,174.01,174.09
2017-04-13 10:15:36,174.01,174.06
2017-04-13 10:15:37,174.01,174.06
2017-04-13 10:15:38,173.94,174.06
2017-04-13 10:15:39,173.94,174.06
2017-04-13 10:15:40,173.91,174.06
2017-04-13 10:15:41,173.91,174.06
2017-04-13 10:15:42,173.91,174.06
2017-04-13 10:15:43,173.91,174.06
2017-04-13 10:15:44,173.91,174.06
2017-04-13 10:15:45,173.91,174.06
2017-04-13 10:15:46,173.91,174.06
2017-04-13 10:15:47,174.01,174.06
2017-04-13 10:15:48,174.01,174.06
2017-04-13 10:15:49,174.01,174.06
2017-04-13 10:15:50,174.01,174.06
2017-04-13 10:15:51,174.01,174.06
2017-04-13 10:15:52,174.01,174.06
2017-04-13 10:15:53,174.01,174.06
2017-04-13 10:15:54,174.01,174.06
2017-04-13 10:15:55,174.01,174.06
2017-04-13 10:15:56,174.01,174.06
2017-04-13 10:15:57,174.01,174.06
2017-04-13 10:15:58,174.01,174.06
2017-04-13 10:15:59,174.0,174.03
2017-04-13 10:16:00,173.9,173.99
2017-04-13 10:16:01,173.9,173.99
2017-04-13 10:16:02,173.9,173.99
2017-04-13 10:16:03,173.9,173.97
2017-04-13 10:16:04,173.9,173.97
2017-04-13 10:16:05,173.9,173.97
2017-04-13 10:16:06,173.9,173.97
2017-04-13 10:16:07,173.9,173.97
2017-04-13 10:16:08,173.93,174.01
2017-04-13 10:16:09,173.93,174.01
2017-04-13 10:16:10,173.94,174.01
2017-04-13 10:16:11,173.97,174.01
2017-04-13 10:16:12,173.97,174.01
2017-04-13 10:16:13,174.0,174.06
2017-04-13 10:16:14,174.0,174.06
2017-04-13 10:16:15,174.0,174.06
2017-04-13 10:16:16,174.0,174.06
2017-04-13 10:16:17,174.0,174.06
2017-04-13 10:16:18,174.0,174.06
2017-04-13 10:16:19,174.0,174.06
2017-04-13 10:16:20,174.0,174.06
2017-04-13 10:16:21,174.03,174.06
2017-04-13 10:16:22,174.03,174.06
2017-04-13 10:16:23,174.03,174.06
2017-04-13 10:16:24,174.03,174.06
2017-04-13 10:16:25,174.03,174.06
2017-04-13 10:16:26,174.03,174.06
2017-04-13 10:16:27,174.03,174.06
2017-04-13 10:16:28,174.03,174.06
2017-04-13 10:16:29,174.03,174.06
2017-04-13 10:16:30,174.03,174.06
2017-04-13 10:16:31,174.03,174.06
2017-04-13 10:16:32,174.03,174.06
2017-04-13 10:16:33,174.03,174.06
2017-04-13 10:16:34,173.99,174.06
2017-04-13 10:16:35,173.99,174.06
2017-04-13 10:16:36,173.99,174.06
2017-04-13 10:16:37,173.99,174.06
2017-04-13 10:16:38,173.99,174.05
2017-04-13 10:16:39,173.99,174.05
2017-04-13 10:16:40,173.99,174.05
2017-04-13 10:16:41,173.99,174.05
2017-04-13 10:16:42,173.99,174.05
2017-04-13 10:16:43,173.99,174.05
2017-04-13 10:16:44,173.99,174.05
2017-04-13 10:16:45,173.99,174.05
2017-04-13 10:16:46,173.99,174.05
2017-04-13 10:16:47,173.99,174.05
2017-04-13 10:16:48,173.99,174.05
2017-04-13 10:16:49,173.99,174.05
2017-04-13 10:16:50,173.99,174.05
2017-04-13 10:16:51,173.99,174.05
2017-04-13 10:16:52,173.99,174.05
2017-04-13 10:16:53,173.99,174.05
2017-04-13 10:16:54,173.99,174.05
2017-04-13 10:16:55,173.99,174.05
2017-04-13 10:16:56,173.99,174.05
2017-04-13 10:16:57,174.03,174.15
2017-04-13 10:16:58,174.04,174.15
2017-04-13 10:16:59,174.09,174.15
2017-04-13 10:17:00,174.09,174.14
2017-04-13 10:17:01,174.09,174.14
2017-04-13 10:17:02,174.0,174.11
2017-04-13 10:17:03,173.92,174.11
2017-04-13 10:17:04,173.93,174.09
2017-04-13 10:17:05,173.93,174.09
2017-04-13 10:17:06,173.93,174.09
2017-04-13 10:17:07,173.93,174.08
2017-04-13 10:17:08,173.93,174.08
2017-04-13 10:17:09,173.93,174.08
2017-04-13 10:17:10,173.93,174.08
2017-04-13 10:17:11,173.93,174.07
2017-04-13 10:17:12,173.93,174.07
2017-04-13 10:17:13,173.93,174.07
2017-04-13 10:17:14,173.93,174.07
2017-04-13 10:17:15,173.93,174.07
2017-04-13 10:17:16,173.93,174.07
2017-04-13 10:17:17,173.93,174.07
2017-04-13 10:17:18,173.93,174.07
2017-04-13 10:17:19,173.93,174.07
2017-04-13 10:17:20,173.93,174.07
2017-04-13 10:17:21,173.93,174.07
2017-04-13 10:17:22,173.94,174.07
2017-04-13 10:17:23,173.94,174.07
2017-04-13 10:17:24,173.94,174.07
2017-04-13 10:17:25,173.94,174.07
2017-04-13 10:17:26,173.94,174.07
2017-04-13 10:17:27,173.94,174.07
2017-04-13 10:17:28,173.94,174.07
2017-04-13 10:17:29,173.94,174.07
2017-04-13 10:17:30,173.95,174.06
2017-04-13 10:17:31,173.95,174.06
2017-04-13 10:17:32,173.95,174.06
2017-04-13 10:17:33,173.95,174.06
2017-04-13 10:17:34,173.95,174.06
2017-04-13 10:17:35,173.95,174.06
2017-04-13 10:17:36,173.95,174.06
2017-04-13 10:17:37,173.95,174.06
2017-04-13 10:17:38,173.95,174.06
2017-04-13 10:17:39,173.95,174.06
2017-04-13 10:17:40,173.95,174.06
2017-04-13 10:17:41,173.95,174.06
2017-04-13 10:17:42,173.95,174.05
2017-04-13 10:17:43,173.95,174.05
2017-04-13 10:17:44,173.95,174.05
2017-04-13 10:17:45,173.95,174.05
2017-04-13 10:17:46,173.95,174.05
2017-04-13 10:17:47,173.95,174.05
2017-04-13 10:17:48,173.95,174.05
2017-04-13 10:17:49,173.95,174.05
2017-04-13 10:17:50,173.95,174.05
2017-04-13 10:17:51,174.0,174.05
2017-04-13 10:17:52,174.0,174.05
2017-04-13 10:17:53,174.0,174.05
2017-04-13 10:17:54,174.0,174.05
2017-04-13 10:17:55,174.07,174.13
2017-04-13 10:17:56,174.07,174.13
2017-04-13 10:17:57,174.07,174.12
2017-04-13 10:17:58,174.07,174.12
2017-04-13 10:17:59,174.07,174.12
2017-04-13 10:18:00,174.07,174.12
2017-04-13 10:18:01,174.07,174.12
2017-04-13 10:18:02,174.07,174.12
2017-04-13 10:18:03,174.07,174.12
2017-04-13 10:18:04,174.07,174.12
2017-04-13 10:18:05,174.07,174.12
2017-04-13 10:18:06,174.07,174.12
2017-04-13 10:18:07,174.07,174.12
2017-04-13 10:18:08,174.07,174.12
2017-04-13 10:18:09,174.07,174.12
2017-04-13 10:18:10,174.07,174.12
2017-04-13 10:18:11,174.07,174.12
2017-04-13 10:18:12,174.07,174.12
2017-04-13 10:18:13,174.07,174.12
2017-04-13 10:18:14,174.07,174.12
2017-04-13 10:18:15,174.07,174.12
2017-04-13 10:18:16,174.07,174.12
2017-04-13 10:18:17,174.07,174.12
2017-04-13 10:18:18,174.07,174.12
2017-04-13 10:18:19,174.07,174.12
2017-04-13 10:18:20,174.07,174.12
2017-04-13 10:18:21,174.07,174.12
2017-04-13 10:18:22,174.07,174.12
2017-04-13 10:18:23,174.08,174.12
2017-04-13 10:18:24,174.08,174.12
2017-04-13 10:18:25,174.08,174.12
2017-04-13 10:18:26,174.08,174.12
2017-04-13 10:18:27,174.08,174.12
2017-04-13 10:18:28,174.08,174.12
2017-04-13 10:18:29,174.08,174.12
2017-04-13 10:18:30,174.08,174.12
2017-04-13 10:18:31,174.08,174.12
2017-04-13 10:18:32,174.08,174.12
2017-04-13 10:18:33,174.08,174.12
2017-04-13 10:18:34,174.08,174.12
2017-04-13 10:18:35,174.08,174.12
2017-04-13 10:18:36,174.08,174.12
2017-04-13 10:18:37,174.08,174.12
2017-04-13 10:18:38,174.08,174.12
2017-04-13 10:18:39,174.08,174.12
2017-04-13 10:18:40,174.08,174.12
2017-04-13 10:18:41,174.08,174.12
2017-04-13 10:18:42,174.08,174.12
2017-04-13 10:18:43,174.08,174.12
2017-04-13 10:18:44,174.08,174.12
2017-04-13 10:18:45,174.08,174.12
2017-04-13 10:18:46,174.08,174.12
2017-04-13 10:18:47,174.08,174.12
2017-04-13 10:18:48,174.08,174.12
2017-04-13 10:18:49,174.1,174.19
2017-04-13 10:18:50,174.2,174.29
2017-04-13 10:18:51,174.25,174.29
2017-04-13 10:18:52,174.24,174.3
2017-04-13 10:18:53,174.3,174.35
2017-04-13 10:18:54,174.3,174.35
2017-04-13 10:18:55,174.3,174.35
2017-04-13 10:18:56,174.3,174.35
2017-04-13 10:18:57,174.3,174.35
2017-04-13 10:18:58,174.26,174.34
2017-04-13 10:18:59,174.15,174.31
2017-04-13 10:19:00,174.09,174.31
2017-04-13 10:19:01,174.09,174.29
2017-04-13 10:19:02,174.09,174.28
2017-04-13 10:19:03,174.09,174.28
2017-04-13 10:19:04,174.09,174.26
2017-04-13 10:19:05,174.09,174.26
2017-04-13 10:19:06,174.09,174.25
2017-04-13 10:19:07,174.09,174.25
2017-04-13 10:19:08,174.09,174.24
2017-04-13 10:19:09,174.09,174.24
2017-04-13 10:19:10,174.1,174.23
2017-04-13 10:19:11,174.1,174.23
2017-04-13 10:19:12,174.1,174.22
2017-04-13 10:19:13,174.1,174.22
2017-04-13 10:19:14,174.1,174.21
2017-04-13 10:19:15,174.1,174.21
2017-04-13 10:19:16,174.1,174.21
2017-04-13 10:19:17,174.1,174.2
2017-04-13 10:19:18,174.1,174.2
2017-04-13 10:19:19,174.1,174.2
2017-04-13 10:19:20,174.1,174.19
2017-04-13 10:19:21,174.1,174.19
