datetime,direct.bid1,direct.ask1
2017-04-13 09:30:00,825.2,825.43
2017-04-13 09:30:01,825.2,825.43
2017-04-13 09:30:02,824.29,825.2
2017-04-13 09:30:03,824.18,824.25
2017-04-13 09:30:04,823.52,824.96
2017-04-13 09:30:05,823.0,824.0
2017-04-13 09:30:06,823.0,823.77
2017-04-13 09:30:07,822.25,823.77
2017-04-13 09:30:08,822.25,823.77
2017-04-13 09:30:09,822.25,823.77
2017-04-13 09:30:10,822.25,823.77
2017-04-13 09:30:11,822.02,823.64
2017-04-13 09:30:12,822.02,823.64
2017-04-13 09:30:13,822.02,823.64
2017-04-13 09:30:14,822.02,823.64
2017-04-13 09:30:15,822.02,823.64
2017-04-13 09:30:16,822.02,823.64
2017-04-13 09:30:17,822.02,823.24
2017-04-13 09:30:18,822.02,823.21
2017-04-13 09:30:19,822.02,823.2
2017-04-13 09:30:20,822.02,822.98
2017-04-13 09:30:21,821.5,822.6
2017-04-13 09:30:22,821.5,822.43
2017-04-13 09:30:23,821.5,822.4
2017-04-13 09:30:24,821.16,822.11
2017-04-13 09:30:25,821.22,822.11
2017-04-13 09:30:26,821.16,821.96
2017-04-13 09:30:27,821.15,821.94
2017-04-13 09:30:28,821.15,821.93
2017-04-13 09:30:29,821.15,821.9
2017-04-13 09:30:30,821.15,821.89
2017-04-13 09:30:31,821.17,821.86
2017-04-13 09:30:32,821.17,821.86
2017-04-13 09:30:33,821.17,821.86
2017-04-13 09:30:34,821.17,821.86
2017-04-13 09:30:35,821.17,821.83
2017-04-13 09:30:36,821.17,821.83
2017-04-13 09:30:37,821.17,821.83
2017-04-13 09:30:38,821.17,821.83
2017-04-13 09:30:39,821.17,821.83
2017-04-13 09:30:40,821.17,821.83
2017-04-13 09:30:41,821.17,821.83
2017-04-13 09:30:42,821.17,821.83
2017-04-13 09:30:43,821.17,821.83
2017-04-13 09:30:44,821.17,821.83
2017-04-13 09:30:45,821.17,821.83
2017-04-13 09:30:46,821.17,821.83
2017-04-13 09:30:47,821.2,821.85
2017-04-13 09:30:48,821.2,821.85
2017-04-13 09:30:49,821.2,821.85
2017-04-13 09:30:50,821.86,822.67
2017-04-13 09:30:51,821.86,822.91
2017-04-13 09:30:52,821.86,822.91
2017-04-13 09:30:53,821.86,822.67
2017-04-13 09:30:54,821.86,822.67
2017-04-13 09:30:55,821.86,822.67
2017-04-13 09:30:56,821.87,822.63
2017-04-13 09:30:57,821.87,822.63
2017-04-13 09:30:58,821.87,822.63
2017-04-13 09:30:59,821.87,822.63
2017-04-13 09:31:00,821.87,822.63
2017-04-13 09:31:01,821.88,822.63
2017-04-13 09:31:02,821.88,822.63
2017-04-13 09:31:03,821.89,822.63
2017-04-13 09:31:04,821.89,822.63
2017-04-13 09:31:05,821.9,822.63
2017-04-13 09:31:06,821.9,822.63
2017-04-13 09:31:07,821.9,822.63
2017-04-13 09:31:08,821.9,822.63
2017-04-13 09:31:09,821.9,822.63
2017-04-13 09:31:10,821.9,822.63
2017-04-13 09:31:11,821.9,822.63
2017-04-13 09:31:12,821.9,822.63
2017-04-13 09:31:13,821.95,822.63
2017-04-13 09:31:14,821.95,822.63
2017-04-13 09:31:15,821.95,822.63
2017-04-13 09:31:16,821.95,822.63
2017-04-13 09:31:17,821.95,822.63
2017-04-13 09:31:18,821.95,822.63
2017-04-13 09:31:19,821.95,822.63
2017-04-13 09:31:20,821.95,822.63
2017-04-13 09:31:21,821.95,822.63
2017-04-13 09:31:22,821.95,822.63
2017-04-13 09:31:23,821.95,822.63
2017-04-13 09:31:24,821.95,822.63
2017-04-13 09:31:25,821.95,822.63
2017-04-13 09:31:26,821.95,822.63
2017-04-13 09:31:27,821.95,822.63
2017-04-13 09:31:28,821.95,822.63
2017-04-13 09:31:29,821.95,822.63
2017-04-13 09:31:30,821.95,822.63
2017-04-13 09:31:31,821.95,822.63
2017-04-13 09:31:32,821.95,822.63
2017-04-13 09:31:33,821.95,822.63
2017-04-13 09:31:34,821.95,822.63
2017-04-13 09:31:35,821.95,822.63
2017-04-13 09:31:36,821.95,822.63
2017-04-13 09:31:37,821.95,822.63
2017-04-13 09:31:38,821.95,822.63
2017-04-13 09:31:39,821.95,822.63
2017-04-13 09:31:40,821.95,822.63
2017-04-13 09:31:41,823.13,824.76
2017-04-13 09:31:42,823.13,824.76
2017-04-13 09:31:43,823.4,824.76
2017-04-13 09:31:44,823.41,824.71
2017-04-13 09:31:45,823.41,824.71
2017-04-13 09:31:46,823.55,824.71
2017-04-13 09:31:47,823.55,824.71
2017-04-13 09:31:48,823.55,824.71
2017-04-13 09:31:49,823.55,824.71
2017-04-13 09:31:50,823.55,824.71
2017-04-13 09:31:51,823.93,824.71
2017-04-13 09:31:52,823.93,824.71
2017-04-13 09:31:53,824.06,824.71
2017-04-13 09:31:54,824.21,824.99
2017-04-13 09:31:55,824.22,824.99
2017-04-13 09:31:56,824.22,824.99
2017-04-13 09:31:57,824.22,824.99
2017-04-13 09:31:58,824.22,824.99
2017-04-13 09:31:59,824.72,824.99
2017-04-13 09:32:00,824.72,824.99
2017-04-13 09:32:01,824.23,824.71
2017-04-13 09:32:02,824.23,824.71
2017-04-13 09:32:03,823.02,824.79
2017-04-13 09:32:04,823.02,824.79
2017-04-13 09:32:05,823.02,824.79
2017-04-13 09:32:06,823.02,824.79
2017-04-13 09:32:07,823.02,824.79
2017-04-13 09:32:08,823.02,824.78
2017-04-13 09:32:09,823.02,824.78
2017-04-13 09:32:10,823.02,824.78
2017-04-13 09:32:11,823.02,824.78
2017-04-13 09:32:12,823.02,824.78
2017-04-13 09:32:13,823.02,824.78
2017-04-13 09:32:14,823.02,824.78
2017-04-13 09:32:15,823.02,824.78
2017-04-13 09:32:16,823.02,824.78
2017-04-13 09:32:17,823.02,824.78
2017-04-13 09:32:18,823.02,824.78
2017-04-13 09:32:19,823.03,824.78
2017-04-13 09:32:20,823.02,824.78
2017-04-13 09:32:21,823.02,824.78
2017-04-13 09:32:22,823.02,824.78
2017-04-13 09:32:23,823.02,824.78
2017-04-13 09:32:24,823.02,824.78
2017-04-13 09:32:25,823.02,824.78
2017-04-13 09:32:26,823.02,824.78
2017-04-13 09:32:27,823.02,824.78
2017-04-13 09:32:28,823.02,824.78
2017-04-13 09:32:29,823.02,824.78
2017-04-13 09:32:30,823.02,824.78
2017-04-13 09:32:31,823.02,824.78
2017-04-13 09:32:32,823.03,824.71
2017-04-13 09:32:33,823.03,824.7
2017-04-13 09:32:34,823.02,824.7
2017-04-13 09:32:35,823.02,824.7
2017-04-13 09:32:36,823.02,824.7
2017-04-13 09:32:37,823.03,824.7
2017-04-13 09:32:38,823.03,824.7
2017-04-13 09:32:39,823.03,824.7
2017-04-13 09:32:40,823.03,824.7
2017-04-13 09:32:41,823.03,824.7
2017-04-13 09:32:42,823.03,824.7
2017-04-13 09:32:43,823.04,824.7
2017-04-13 09:32:44,823.04,824.7
2017-04-13 09:32:45,823.17,824.69
2017-04-13 09:32:46,823.17,824.69
2017-04-13 09:32:47,823.17,824.69
2017-04-13 09:32:48,823.17,824.69
2017-04-13 09:32:49,823.17,824.69
2017-04-13 09:32:50,823.24,824.69
2017-04-13 09:32:51,823.24,824.69
2017-04-13 09:32:52,823.25,824.69
2017-04-13 09:32:53,823.25,824.69
2017-04-13 09:32:54,823.25,824.69
2017-04-13 09:32:55,823.25,824.69
2017-04-13 09:32:56,823.25,824.67
2017-04-13 09:32:57,823.25,824.43
2017-04-13 09:32:58,823.26,824.5
2017-04-13 09:32:59,823.27,824.49
2017-04-13 09:33:00,823.28,824.42
2017-04-13 09:33:01,823.29,824.36
2017-04-13 09:33:02,823.29,824.33
2017-04-13 09:33:03,823.3,824.33
2017-04-13 09:33:04,823.31,824.33
2017-04-13 09:33:05,823.32,824.33
2017-04-13 09:33:06,823.33,824.33
2017-04-13 09:33:07,823.33,824.33
2017-04-13 09:33:08,823.34,824.33
2017-04-13 09:33:09,823.35,824.33
2017-04-13 09:33:10,823.36,824.33
2017-04-13 09:33:11,823.37,824.33
2017-04-13 09:33:12,823.38,824.33
2017-04-13 09:33:13,823.38,824.33
2017-04-13 09:33:14,823.39,824.33
2017-04-13 09:33:15,823.4,824.33
2017-04-13 09:33:16,823.41,824.33
2017-04-13 09:33:17,823.42,824.33
2017-04-13 09:33:18,823.43,824.33
2017-04-13 09:33:19,823.43,824.33
2017-04-13 09:33:20,823.44,824.33
2017-04-13 09:33:21,823.45,824.33
2017-04-13 09:33:22,823.46,824.33
2017-04-13 09:33:23,823.47,824.33
2017-04-13 09:33:24,823.48,824.33
2017-04-13 09:33:25,823.48,824.33
2017-04-13 09:33:26,823.49,824.33
2017-04-13 09:33:27,823.5,824.33
2017-04-13 09:33:28,823.51,824.33
2017-04-13 09:33:29,823.52,824.33
2017-04-13 09:33:30,823.53,824.33
2017-04-13 09:33:31,823.53,824.32
2017-04-13 09:33:32,823.63,824.33
2017-04-13 09:33:33,823.63,824.33
2017-04-13 09:33:34,823.63,824.33
2017-04-13 09:33:35,822.27,823.43
2017-04-13 09:33:36,822.41,823.47
2017-04-13 09:33:37,822.41,823.47
2017-04-13 09:33:38,822.41,823.47
2017-04-13 09:33:39,822.41,823.47
2017-04-13 09:33:40,822.41,823.47
2017-04-13 09:33:41,822.41,823.47
2017-04-13 09:33:42,822.41,823.47
2017-04-13 09:33:43,822.41,823.47
2017-04-13 09:33:44,822.0,823.46
2017-04-13 09:33:45,822.0,823.46
2017-04-13 09:33:46,822.0,822.81
2017-04-13 09:33:47,822.0,822.81
2017-04-13 09:33:48,822.0,822.81
2017-04-13 09:33:49,822.0,822.81
2017-04-13 09:33:50,822.0,822.81
2017-04-13 09:33:51,822.0,822.81
2017-04-13 09:33:52,822.0,822.81
2017-04-13 09:33:53,822.01,822.81
2017-04-13 09:33:54,822.01,822.81
2017-04-13 09:33:55,822.01,822.81
2017-04-13 09:33:56,822.01,822.81
2017-04-13 09:33:57,822.01,822.81
2017-04-13 09:33:58,822.01,822.81
2017-04-13 09:33:59,822.01,822.81
2017-04-13 09:34:00,822.01,822.81
2017-04-13 09:34:01,822.01,822.81
2017-04-13 09:34:02,822.01,822.8
2017-04-13 09:34:03,822.01,822.8
2017-04-13 09:34:04,822.01,822.8
2017-04-13 09:34:05,822.02,822.8
2017-04-13 09:34:06,822.01,822.8
2017-04-13 09:34:07,822.01,822.79
2017-04-13 09:34:08,822.02,822.79
2017-04-13 09:34:09,822.02,822.79
2017-04-13 09:34:10,822.02,822.79
2017-04-13 09:34:11,822.02,822.79
2017-04-13 09:34:12,822.02,822.79
2017-04-13 09:34:13,822.02,822.79
2017-04-13 09:34:14,822.02,822.79
2017-04-13 09:34:15,822.02,822.79
2017-04-13 09:34:16,822.02,822.79
2017-04-13 09:34:17,822.02,822.79
2017-04-13 09:34:18,822.02,822.79
2017-04-13 09:34:19,822.02,822.79
2017-04-13 09:34:20,822.02,822.79
2017-04-13 09:34:21,822.02,822.79
2017-04-13 09:34:22,822.02,822.79
2017-04-13 09:34:23,822.17,822.79
2017-04-13 09:34:24,822.17,822.79
2017-04-13 09:34:25,822.17,822.79
2017-04-13 09:34:26,822.17,822.79
2017-04-13 09:34:27,822.17,822.79
2017-04-13 09:34:28,822.17,822.79
2017-04-13 09:34:29,822.17,822.79
2017-04-13 09:34:30,822.21,822.8
2017-04-13 09:34:31,822.21,822.8
2017-04-13 09:34:32,822.21,822.79
2017-04-13 09:34:33,822.26,822.79
2017-04-13 09:34:34,822.26,822.79
2017-04-13 09:34:35,822.26,822.79
2017-04-13 09:34:36,822.26,822.79
2017-04-13 09:34:37,822.79,823.35
2017-04-13 09:34:38,822.79,823.35
2017-04-13 09:34:39,822.8,824.0
2017-04-13 09:34:40,822.82,824.0
2017-04-13 09:34:41,822.88,824.0
2017-04-13 09:34:42,822.88,824.0
2017-04-13 09:34:43,822.88,824.0
2017-04-13 09:34:44,822.88,824.0
2017-04-13 09:34:45,822.88,824.0
2017-04-13 09:34:46,822.88,824.0
2017-04-13 09:34:47,823.2,824.0
2017-04-13 09:34:48,823.2,824.0
2017-04-13 09:34:49,823.2,824.0
2017-04-13 09:34:50,823.2,824.0
2017-04-13 09:34:51,823.2,824.0
2017-04-13 09:34:52,823.21,824.01
2017-04-13 09:34:53,823.21,824.01
2017-04-13 09:34:54,823.21,824.01
2017-04-13 09:34:55,823.21,824.01
2017-04-13 09:34:56,823.21,824.01
2017-04-13 09:34:57,823.21,824.01
2017-04-13 09:34:58,823.21,824.01
2017-04-13 09:34:59,823.21,824.01
2017-04-13 09:35:00,823.21,824.01
2017-04-13 09:35:01,823.21,824.01
2017-04-13 09:35:02,823.94,824.28
2017-04-13 09:35:03,823.95,824.72
2017-04-13 09:35:04,823.95,824.71
2017-04-13 09:35:05,823.95,824.68
2017-04-13 09:35:06,823.95,824.68
2017-04-13 09:35:07,823.95,824.98
2017-04-13 09:35:08,823.97,824.98
2017-04-13 09:35:09,823.97,824.97
2017-04-13 09:35:10,823.97,824.78
2017-04-13 09:35:11,823.97,824.78
2017-04-13 09:35:12,823.97,824.36
2017-04-13 09:35:13,823.97,824.36
2017-04-13 09:35:14,823.97,824.36
2017-04-13 09:35:15,823.97,824.35
2017-04-13 09:35:16,823.97,824.36
2017-04-13 09:35:17,823.97,824.36
2017-04-13 09:35:18,823.97,824.36
2017-04-13 09:35:19,823.97,824.36
2017-04-13 09:35:20,823.97,824.36
2017-04-13 09:35:21,823.97,824.36
2017-04-13 09:35:22,823.97,824.36
2017-04-13 09:35:23,823.97,824.36
2017-04-13 09:35:24,823.97,824.35
2017-04-13 09:35:25,823.97,824.35
2017-04-13 09:35:26,823.97,824.35
2017-04-13 09:35:27,823.97,824.35
2017-04-13 09:35:28,823.97,824.35
2017-04-13 09:35:29,823.97,824.35
2017-04-13 09:35:30,823.97,824.35
2017-04-13 09:35:31,823.97,824.35
2017-04-13 09:35:32,823.97,824.35
2017-04-13 09:35:33,823.97,824.35
2017-04-13 09:35:34,823.97,824.35
2017-04-13 09:35:35,823.97,824.34
2017-04-13 09:35:36,823.97,824.34
2017-04-13 09:35:37,823.97,824.34
2017-04-13 09:35:38,823.97,824.34
2017-04-13 09:35:39,823.97,824.34
2017-04-13 09:35:40,823.97,824.34
2017-04-13 09:35:41,823.97,824.34
2017-04-13 09:35:42,823.97,824.34
2017-04-13 09:35:43,823.97,824.34
2017-04-13 09:35:44,823.97,824.34
2017-04-13 09:35:45,823.97,824.34
2017-04-13 09:35:46,823.97,824.34
2017-04-13 09:35:47,823.97,824.34
2017-04-13 09:35:48,823.97,824.34
2017-04-13 09:35:49,823.97,824.34
2017-04-13 09:35:50,823.97,824.34
2017-04-13 09:35:51,823.97,824.34
2017-04-13 09:35:52,823.97,824.34
2017-04-13 09:35:53,823.97,824.34
2017-04-13 09:35:54,823.97,824.34
2017-04-13 09:35:55,823.97,824.34
2017-04-13 09:35:56,823.97,824.34
2017-04-13 09:35:57,823.97,824.34
2017-04-13 09:35:58,823.97,824.34
2017-04-13 09:35:59,823.97,824.34
2017-04-13 09:36:00,823.2,823.93
2017-04-13 09:36:01,823.2,823.93
2017-04-13 09:36:02,823.2,823.93
2017-04-13 09:36:03,823.2,823.94
2017-04-13 09:36:04,823.29,823.94
2017-04-13 09:36:05,823.29,823.94
2017-04-13 09:36:06,823.29,823.94
2017-04-13 09:36:07,823.29,823.94
2017-04-13 09:36:08,823.29,823.94
2017-04-13 09:36:09,823.22,823.94
2017-04-13 09:36:10,823.22,823.94
2017-04-13 09:36:11,823.22,823.94
2017-04-13 09:36:12,823.22,823.94
2017-04-13 09:36:13,823.22,823.94
2017-04-13 09:36:14,823.22,823.94
2017-04-13 09:36:15,823.22,823.94
2017-04-13 09:36:16,823.22,823.94
2017-04-13 09:36:17,823.22,823.94
2017-04-13 09:36:18,823.22,823.94
2017-04-13 09:36:19,823.22,823.94
2017-04-13 09:36:20,823.24,823.94
2017-04-13 09:36:21,823.24,823.94
2017-04-13 09:36:22,823.24,823.94
2017-04-13 09:36:23,823.24,823.94
2017-04-13 09:36:24,823.24,823.94
2017-04-13 09:36:25,823.24,823.94
2017-04-13 09:36:26,823.24,823.94
2017-04-13 09:36:27,823.24,823.94
2017-04-13 09:36:28,823.24,823.94
2017-04-13 09:36:29,823.24,823.94
2017-04-13 09:36:30,823.24,823.94
2017-04-13 09:36:31,823.24,823.94
2017-04-13 09:36:32,823.24,823.94
2017-04-13 09:36:33,823.24,823.94
2017-04-13 09:36:34,823.24,823.94
2017-04-13 09:36:35,823.3,823.94
2017-04-13 09:36:36,823.3,823.94
2017-04-13 09:36:37,823.3,823.94
2017-04-13 09:36:38,823.3,823.94
2017-04-13 09:36:39,823.3,823.94
2017-04-13 09:36:40,823.3,823.94
2017-04-13 09:36:41,823.3,823.94
2017-04-13 09:36:42,823.3,823.94
2017-04-13 09:36:43,823.3,823.94
2017-04-13 09:36:44,823.3,823.94
2017-04-13 09:36:45,823.3,823.94
2017-04-13 09:36:46,823.3,823.93
2017-04-13 09:36:47,823.3,823.93
2017-04-13 09:36:48,823.3,823.93
2017-04-13 09:36:49,823.3,823.93
2017-04-13 09:36:50,823.3,823.93
2017-04-13 09:36:51,823.3,823.93
2017-04-13 09:36:52,823.3,823.93
2017-04-13 09:36:53,823.3,823.93
2017-04-13 09:36:54,823.3,823.93
2017-04-13 09:36:55,823.3,823.93
2017-04-13 09:36:56,823.3,823.93
2017-04-13 09:36:57,823.3,823.93
2017-04-13 09:36:58,823.3,823.9
2017-04-13 09:36:59,823.3,823.9
2017-04-13 09:37:00,823.3,823.9
2017-04-13 09:37:01,823.3,823.9
2017-04-13 09:37:02,823.3,823.9
2017-04-13 09:37:03,823.3,823.9
2017-04-13 09:37:04,823.3,823.9
2017-04-13 09:37:05,823.3,823.9
2017-04-13 09:37:06,823.3,823.9
2017-04-13 09:37:07,823.3,823.9
2017-04-13 09:37:08,823.3,823.9
2017-04-13 09:37:09,823.3,823.9
2017-04-13 09:37:10,823.3,823.9
2017-04-13 09:37:11,823.3,823.9
2017-04-13 09:37:12,823.3,823.9
2017-04-13 09:37:13,823.3,823.9
2017-04-13 09:37:14,823.3,823.9
2017-04-13 09:37:15,823.3,823.8
2017-04-13 09:37:16,823.3,823.8
2017-04-13 09:37:17,823.3,823.8
2017-04-13 09:37:18,823.3,823.8
2017-04-13 09:37:19,823.3,823.8
2017-04-13 09:37:20,823.3,823.8
2017-04-13 09:37:21,823.3,823.8
2017-04-13 09:37:22,823.3,823.8
2017-04-13 09:37:23,823.3,823.8
2017-04-13 09:37:24,823.3,823.5
2017-04-13 09:37:25,823.3,823.5
2017-04-13 09:37:26,823.3,823.5
2017-04-13 09:37:27,823.3,823.5
2017-04-13 09:37:28,823.3,823.5
2017-04-13 09:37:29,823.3,823.5
2017-04-13 09:37:30,823.3,823.5
2017-04-13 09:37:31,823.3,823.5
2017-04-13 09:37:32,823.3,823.5
2017-04-13 09:37:33,823.31,823.86
2017-04-13 09:37:34,823.31,823.93
2017-04-13 09:37:35,823.31,823.93
2017-04-13 09:37:36,823.31,823.93
2017-04-13 09:37:37,823.31,823.93
2017-04-13 09:37:38,823.31,823.93
2017-04-13 09:37:39,823.31,823.92
2017-04-13 09:37:40,823.31,823.92
2017-04-13 09:37:41,823.19,823.91
2017-04-13 09:37:42,823.19,823.9
2017-04-13 09:37:43,823.19,823.9
2017-04-13 09:37:44,823.19,823.9
2017-04-13 09:37:45,823.19,823.9
2017-04-13 09:37:46,823.33,823.9
2017-04-13 09:37:47,823.14,823.9
2017-04-13 09:37:48,823.14,823.9
2017-04-13 09:37:49,823.32,823.9
2017-04-13 09:37:50,823.15,823.9
2017-04-13 09:37:51,823.29,823.9
2017-04-13 09:37:52,823.29,823.9
2017-04-13 09:37:53,823.29,823.9
2017-04-13 09:37:54,823.29,823.9
2017-04-13 09:37:55,823.29,823.9
2017-04-13 09:37:56,823.29,823.9
2017-04-13 09:37:57,823.29,823.9
2017-04-13 09:37:58,823.29,823.9
2017-04-13 09:37:59,823.29,823.9
2017-04-13 09:38:00,823.29,823.9
2017-04-13 09:38:01,823.29,823.9
2017-04-13 09:38:02,823.29,823.9
2017-04-13 09:38:03,823.29,823.9
2017-04-13 09:38:04,823.29,823.9
2017-04-13 09:38:05,823.29,823.9
2017-04-13 09:38:06,823.29,823.9
2017-04-13 09:38:07,823.29,823.9
2017-04-13 09:38:08,823.29,823.9
2017-04-13 09:38:09,823.29,823.9
2017-04-13 09:38:10,823.29,823.9
2017-04-13 09:38:11,823.29,823.9
2017-04-13 09:38:12,823.29,823.93
2017-04-13 09:38:13,823.29,823.93
2017-04-13 09:38:14,823.29,823.8
2017-04-13 09:38:15,823.29,823.8
2017-04-13 09:38:16,823.29,823.8
2017-04-13 09:38:17,823.29,823.8
2017-04-13 09:38:18,823.29,823.8
2017-04-13 09:38:19,823.29,823.8
2017-04-13 09:38:20,823.29,823.8
2017-04-13 09:38:21,823.29,823.8
2017-04-13 09:38:22,823.29,823.8
2017-04-13 09:38:23,823.29,823.8
2017-04-13 09:38:24,823.29,823.8
2017-04-13 09:38:25,823.29,823.8
2017-04-13 09:38:26,823.29,823.8
2017-04-13 09:38:27,823.29,823.8
2017-04-13 09:38:28,823.29,823.8
2017-04-13 09:38:29,823.29,823.8
2017-04-13 09:38:30,823.3,823.8
2017-04-13 09:38:31,823.3,823.8
2017-04-13 09:38:32,823.3,823.8
2017-04-13 09:38:33,823.3,823.8
2017-04-13 09:38:34,823.3,823.8
2017-04-13 09:38:35,823.3,823.8
2017-04-13 09:38:36,823.3,823.8
2017-04-13 09:38:37,823.3,823.8
2017-04-13 09:38:38,823.3,823.8
2017-04-13 09:38:39,823.3,823.8
2017-04-13 09:38:40,823.3,823.8
2017-04-13 09:38:41,823.3,823.8
2017-04-13 09:38:42,823.3,823.8
2017-04-13 09:38:43,823.3,823.79
2017-04-13 09:38:44,823.3,823.79
2017-04-13 09:38:45,823.3,823.79
2017-04-13 09:38:46,823.3,823.7
2017-04-13 09:38:47,823.3,823.7
2017-04-13 09:38:48,823.3,823.7
2017-04-13 09:38:49,823.3,823.7
2017-04-13 09:38:50,823.3,823.7
2017-04-13 09:38:51,823.3,823.7
2017-04-13 09:38:52,823.31,823.7
2017-04-13 09:38:53,823.31,823.7
2017-04-13 09:38:54,823.31,823.7
2017-04-13 09:38:55,823.47,823.99
2017-04-13 09:38:56,823.47,824.0
2017-04-13 09:38:57,823.47,824.0
2017-04-13 09:38:58,823.48,824.0
2017-04-13 09:38:59,823.49,823.99
2017-04-13 09:39:00,823.51,823.99
2017-04-13 09:39:01,823.53,824.0
2017-04-13 09:39:02,823.54,823.99
2017-04-13 09:39:03,823.54,824.0
2017-04-13 09:39:04,823.54,824.0
2017-04-13 09:39:05,823.54,824.0
2017-04-13 09:39:06,823.54,824.0
2017-04-13 09:39:07,823.54,824.0
2017-04-13 09:39:08,823.54,824.0
2017-04-13 09:39:09,823.54,824.0
2017-04-13 09:39:10,823.54,824.0
2017-04-13 09:39:11,823.54,824.0
2017-04-13 09:39:12,823.54,824.0
2017-04-13 09:39:13,823.54,824.0
2017-04-13 09:39:14,823.54,824.0
2017-04-13 09:39:15,823.54,823.75
2017-04-13 09:39:16,823.56,823.75
2017-04-13 09:39:17,823.56,823.75
2017-04-13 09:39:18,823.56,823.75
2017-04-13 09:39:19,823.16,823.73
2017-04-13 09:39:20,823.16,823.73
2017-04-13 09:39:21,823.32,823.73
2017-04-13 09:39:22,823.32,823.73
2017-04-13 09:39:23,823.36,823.73
2017-04-13 09:39:24,823.36,823.72
2017-04-13 09:39:25,823.36,823.72
2017-04-13 09:39:26,823.36,823.72
2017-04-13 09:39:27,823.36,823.72
2017-04-13 09:39:28,823.36,823.7
2017-04-13 09:39:29,823.36,823.7
2017-04-13 09:39:30,823.36,823.7
2017-04-13 09:39:31,823.36,823.7
2017-04-13 09:39:32,823.36,823.7
2017-04-13 09:39:33,823.36,823.7
2017-04-13 09:39:34,823.36,823.7
2017-04-13 09:39:35,823.36,823.7
2017-04-13 09:39:36,823.36,823.72
2017-04-13 09:39:37,823.36,823.72
2017-04-13 09:39:38,823.36,823.99
2017-04-13 09:39:39,823.36,823.99
2017-04-13 09:39:40,823.39,823.9
2017-04-13 09:39:41,823.47,823.98
2017-04-13 09:39:42,823.49,823.99
2017-04-13 09:39:43,823.49,823.99
2017-04-13 09:39:44,823.49,823.99
2017-04-13 09:39:45,823.49,823.99
2017-04-13 09:39:46,823.49,823.99
2017-04-13 09:39:47,823.5,823.99
2017-04-13 09:39:48,823.5,823.99
2017-04-13 09:39:49,823.49,823.98
2017-04-13 09:39:50,823.49,823.98
2017-04-13 09:39:51,823.5,823.98
2017-04-13 09:39:52,823.5,823.98
2017-04-13 09:39:53,823.5,823.98
2017-04-13 09:39:54,823.49,823.98
2017-04-13 09:39:55,823.49,823.7
2017-04-13 09:39:56,823.5,823.98
2017-04-13 09:39:57,823.5,823.97
2017-04-13 09:39:58,823.5,823.98
2017-04-13 09:39:59,823.5,823.98
2017-04-13 09:40:00,823.5,823.98
2017-04-13 09:40:01,823.53,823.98
2017-04-13 09:40:02,823.0,823.94
2017-04-13 09:40:03,823.0,823.94
2017-04-13 09:40:04,823.0,823.7
2017-04-13 09:40:05,823.0,823.7
2017-04-13 09:40:06,823.0,823.48
2017-04-13 09:40:07,823.0,823.48
2017-04-13 09:40:08,823.0,823.47
2017-04-13 09:40:09,823.16,823.47
2017-04-13 09:40:10,823.0,823.47
2017-04-13 09:40:11,823.0,823.47
2017-04-13 09:40:12,823.0,823.47
2017-04-13 09:40:13,823.0,823.47
2017-04-13 09:40:14,823.0,823.47
2017-04-13 09:40:15,823.0,823.47
2017-04-13 09:40:16,823.0,823.47
2017-04-13 09:40:17,823.0,823.47
2017-04-13 09:40:18,823.0,823.47
2017-04-13 09:40:19,823.0,823.47
2017-04-13 09:40:20,823.0,823.47
2017-04-13 09:40:21,823.0,823.47
2017-04-13 09:40:22,823.0,823.47
2017-04-13 09:40:23,823.0,823.47
2017-04-13 09:40:24,823.0,823.47
2017-04-13 09:40:25,823.0,823.47
2017-04-13 09:40:26,823.0,823.47
2017-04-13 09:40:27,823.0,823.47
2017-04-13 09:40:28,823.0,823.47
2017-04-13 09:40:29,823.0,823.47
2017-04-13 09:40:30,823.0,823.47
2017-04-13 09:40:31,823.0,823.47
2017-04-13 09:40:32,823.0,823.47
2017-04-13 09:40:33,823.0,823.47
2017-04-13 09:40:34,823.0,823.47
2017-04-13 09:40:35,823.0,823.47
2017-04-13 09:40:36,823.0,823.47
2017-04-13 09:40:37,823.0,823.47
2017-04-13 09:40:38,823.0,823.47
2017-04-13 09:40:39,823.0,823.47
2017-04-13 09:40:40,823.0,823.46
2017-04-13 09:40:41,823.0,823.46
2017-04-13 09:40:42,823.0,823.46
2017-04-13 09:40:43,822.72,823.46
2017-04-13 09:40:44,822.72,823.46
2017-04-13 09:40:45,822.72,823.46
2017-04-13 09:40:46,822.72,823.46
2017-04-13 09:40:47,822.72,823.46
2017-04-13 09:40:48,822.72,823.46
2017-04-13 09:40:49,822.72,823.46
2017-04-13 09:40:50,822.72,823.46
2017-04-13 09:40:51,822.72,823.46
2017-04-13 09:40:52,822.72,823.46
2017-04-13 09:40:53,822.72,823.46
2017-04-13 09:40:54,822.72,823.4
2017-04-13 09:40:55,822.72,823.4
2017-04-13 09:40:56,822.72,823.4
2017-04-13 09:40:57,822.72,823.4
2017-04-13 09:40:58,822.72,823.4
2017-04-13 09:40:59,822.9,823.4
2017-04-13 09:41:00,822.9,823.4
2017-04-13 09:41:01,822.9,823.4
2017-04-13 09:41:02,822.9,823.4
2017-04-13 09:41:03,822.9,823.4
2017-04-13 09:41:04,822.9,823.4
2017-04-13 09:41:05,822.9,823.39
2017-04-13 09:41:06,822.9,823.39
2017-04-13 09:41:07,822.9,823.39
2017-04-13 09:41:08,822.9,823.39
2017-04-13 09:41:09,822.9,823.39
2017-04-13 09:41:10,822.9,823.39
2017-04-13 09:41:11,822.9,823.39
2017-04-13 09:41:12,822.9,823.39
2017-04-13 09:41:13,822.9,823.39
2017-04-13 09:41:14,822.9,823.39
2017-04-13 09:41:15,822.9,823.39
2017-04-13 09:41:16,822.9,823.39
2017-04-13 09:41:17,823.08,823.4
2017-04-13 09:41:18,823.08,823.4
2017-04-13 09:41:19,823.08,823.4
2017-04-13 09:41:20,823.08,823.39
2017-04-13 09:41:21,823.08,823.39
2017-04-13 09:41:22,823.08,823.39
2017-04-13 09:41:23,823.08,823.39
2017-04-13 09:41:24,823.08,823.39
2017-04-13 09:41:25,823.08,823.39
2017-04-13 09:41:26,823.08,823.39
2017-04-13 09:41:27,823.08,823.39
2017-04-13 09:41:28,823.08,823.29
2017-04-13 09:41:29,823.08,823.29
2017-04-13 09:41:30,823.08,823.29
2017-04-13 09:41:31,823.08,823.29
2017-04-13 09:41:32,822.72,823.27
2017-04-13 09:41:33,822.72,823.27
2017-04-13 09:41:34,822.72,823.27
2017-04-13 09:41:35,822.72,823.27
2017-04-13 09:41:36,822.72,823.27
2017-04-13 09:41:37,822.72,823.27
2017-04-13 09:41:38,822.72,823.27
2017-04-13 09:41:39,822.72,823.27
2017-04-13 09:41:40,822.72,823.27
2017-04-13 09:41:41,822.72,823.27
2017-04-13 09:41:42,822.72,823.27
2017-04-13 09:41:43,822.72,823.27
2017-04-13 09:41:44,822.73,823.27
2017-04-13 09:41:45,822.73,823.27
2017-04-13 09:41:46,822.73,823.27
2017-04-13 09:41:47,822.73,823.27
2017-04-13 09:41:48,822.73,823.27
2017-04-13 09:41:49,822.73,823.27
2017-04-13 09:41:50,822.76,823.27
2017-04-13 09:41:51,822.76,823.27
2017-04-13 09:41:52,822.73,823.27
2017-04-13 09:41:53,822.73,823.27
2017-04-13 09:41:54,823.0,823.27
2017-04-13 09:41:55,823.0,823.27
2017-04-13 09:41:56,823.0,823.26
2017-04-13 09:41:57,823.0,823.27
2017-04-13 09:41:58,822.74,823.26
2017-04-13 09:41:59,822.72,823.26
2017-04-13 09:42:00,822.72,823.26
2017-04-13 09:42:01,822.72,823.26
2017-04-13 09:42:02,822.72,823.26
2017-04-13 09:42:03,822.72,823.26
2017-04-13 09:42:04,822.72,823.26
2017-04-13 09:42:05,822.72,823.26
2017-04-13 09:42:06,822.72,823.26
2017-04-13 09:42:07,822.72,823.26
2017-04-13 09:42:08,822.72,823.26
2017-04-13 09:42:09,822.72,823.26
2017-04-13 09:42:10,822.72,823.26
2017-04-13 09:42:11,822.72,823.26
2017-04-13 09:42:12,822.72,823.26
2017-04-13 09:42:13,822.72,823.26
2017-04-13 09:42:14,822.72,823.26
2017-04-13 09:42:15,822.72,823.26
2017-04-13 09:42:16,822.72,823.26
2017-04-13 09:42:17,822.72,823.26
2017-04-13 09:42:18,822.72,823.26
2017-04-13 09:42:19,822.72,823.26
2017-04-13 09:42:20,822.72,823.26
2017-04-13 09:42:21,822.72,823.26
2017-04-13 09:42:22,822.72,823.26
2017-04-13 09:42:23,822.72,823.26
2017-04-13 09:42:24,822.72,823.26
2017-04-13 09:42:25,822.72,823.26
2017-04-13 09:42:26,822.72,823.26
2017-04-13 09:42:27,822.72,823.26
2017-04-13 09:42:28,822.72,823.26
2017-04-13 09:42:29,822.72,823.26
2017-04-13 09:42:30,822.72,823.26
2017-04-13 09:42:31,822.72,823.25
2017-04-13 09:42:32,822.72,823.25
2017-04-13 09:42:33,822.72,823.25
2017-04-13 09:42:34,822.72,823.25
2017-04-13 09:42:35,822.72,823.25
2017-04-13 09:42:36,822.72,823.25
2017-04-13 09:42:37,822.72,823.25
2017-04-13 09:42:38,822.72,823.25
2017-04-13 09:42:39,822.72,823.25
2017-04-13 09:42:40,822.72,823.25
2017-04-13 09:42:41,822.72,823.25
2017-04-13 09:42:42,822.72,823.25
2017-04-13 09:42:43,822.98,823.26
2017-04-13 09:42:44,822.98,823.26
2017-04-13 09:42:45,822.98,823.26
2017-04-13 09:42:46,822.98,823.25
2017-04-13 09:42:47,822.98,823.26
2017-04-13 09:42:48,822.72,823.25
2017-04-13 09:42:49,822.72,823.25
2017-04-13 09:42:50,822.72,823.25
2017-04-13 09:42:51,822.72,823.25
2017-04-13 09:42:52,822.72,823.25
2017-04-13 09:42:53,822.72,823.0
2017-04-13 09:42:54,822.72,823.0
2017-04-13 09:42:55,822.72,823.0
2017-04-13 09:42:56,822.72,823.0
2017-04-13 09:42:57,822.72,823.0
2017-04-13 09:42:58,822.72,823.0
2017-04-13 09:42:59,822.72,823.0
2017-04-13 09:43:00,822.72,823.0
2017-04-13 09:43:01,822.72,823.0
2017-04-13 09:43:02,822.72,823.0
2017-04-13 09:43:03,822.72,823.0
2017-04-13 09:43:04,822.72,823.0
2017-04-13 09:43:05,822.72,823.0
2017-04-13 09:43:06,822.72,823.0
2017-04-13 09:43:07,822.72,823.0
2017-04-13 09:43:08,822.77,823.23
2017-04-13 09:43:09,822.72,823.22
2017-04-13 09:43:10,822.72,823.22
2017-04-13 09:43:11,822.72,823.22
2017-04-13 09:43:12,822.72,823.22
2017-04-13 09:43:13,822.72,823.22
2017-04-13 09:43:14,822.72,823.22
2017-04-13 09:43:15,822.72,823.22
2017-04-13 09:43:16,822.72,823.22
2017-04-13 09:43:17,822.72,823.22
2017-04-13 09:43:18,822.72,823.22
2017-04-13 09:43:19,822.72,823.22
2017-04-13 09:43:20,822.72,823.22
2017-04-13 09:43:21,822.73,823.22
2017-04-13 09:43:22,822.73,823.22
2017-04-13 09:43:23,822.73,823.22
2017-04-13 09:43:24,822.73,823.22
2017-04-13 09:43:25,822.73,823.2
2017-04-13 09:43:26,822.73,823.2
2017-04-13 09:43:27,822.72,823.22
2017-04-13 09:43:28,822.72,823.22
2017-04-13 09:43:29,822.72,823.22
2017-04-13 09:43:30,822.72,823.22
2017-04-13 09:43:31,822.72,823.22
2017-04-13 09:43:32,822.72,823.22
2017-04-13 09:43:33,822.72,823.22
2017-04-13 09:43:34,822.72,823.2
2017-04-13 09:43:35,822.72,823.22
2017-04-13 09:43:36,822.72,823.22
2017-04-13 09:43:37,822.72,823.22
2017-04-13 09:43:38,822.72,823.22
2017-04-13 09:43:39,822.72,823.22
2017-04-13 09:43:40,822.72,823.22
2017-04-13 09:43:41,822.72,823.22
2017-04-13 09:43:42,822.72,823.22
2017-04-13 09:43:43,822.72,823.22
2017-04-13 09:43:44,822.72,823.22
2017-04-13 09:43:45,822.72,823.22
2017-04-13 09:43:46,822.72,823.22
2017-04-13 09:43:47,822.83,823.2
2017-04-13 09:43:48,822.72,823.22
2017-04-13 09:43:49,822.72,823.22
2017-04-13 09:43:50,822.72,823.22
2017-04-13 09:43:51,822.72,823.22
2017-04-13 09:43:52,822.72,823.22
2017-04-13 09:43:53,822.72,823.0
2017-04-13 09:43:54,822.72,823.0
2017-04-13 09:43:55,822.72,822.99
2017-04-13 09:43:56,822.72,823.0
2017-04-13 09:43:57,822.72,823.0
2017-04-13 09:43:58,822.72,823.0
2017-04-13 09:43:59,822.72,823.0
2017-04-13 09:44:00,822.72,823.0
2017-04-13 09:44:01,822.72,823.0
2017-04-13 09:44:02,822.72,823.0
2017-04-13 09:44:03,822.72,823.0
2017-04-13 09:44:04,822.72,823.0
2017-04-13 09:44:05,822.72,823.0
2017-04-13 09:44:06,822.72,823.0
2017-04-13 09:44:07,822.72,823.0
2017-04-13 09:44:08,822.72,823.0
2017-04-13 09:44:09,822.72,823.0
2017-04-13 09:44:10,822.72,823.0
2017-04-13 09:44:11,822.72,823.19
2017-04-13 09:44:12,822.72,823.19
2017-04-13 09:44:13,822.72,823.19
2017-04-13 09:44:14,822.72,823.19
2017-04-13 09:44:15,822.72,823.19
2017-04-13 09:44:16,822.72,823.19
2017-04-13 09:44:17,822.72,823.19
2017-04-13 09:44:18,822.72,823.19
2017-04-13 09:44:19,822.72,823.19
2017-04-13 09:44:20,822.73,823.19
2017-04-13 09:44:21,822.72,823.19
2017-04-13 09:44:22,822.72,823.19
2017-04-13 09:44:23,822.72,823.19
2017-04-13 09:44:24,822.72,823.19
2017-04-13 09:44:25,822.72,823.19
2017-04-13 09:44:26,822.72,823.19
2017-04-13 09:44:27,823.22,823.49
2017-04-13 09:44:28,823.22,823.49
2017-04-13 09:44:29,823.22,823.49
2017-04-13 09:44:30,823.22,823.49
2017-04-13 09:44:31,823.22,823.49
2017-04-13 09:44:32,823.22,823.49
2017-04-13 09:44:33,823.22,823.49
2017-04-13 09:44:34,823.22,823.49
2017-04-13 09:44:35,823.22,823.49
2017-04-13 09:44:36,823.22,823.49
2017-04-13 09:44:37,823.38,823.72
2017-04-13 09:44:38,823.38,823.72
2017-04-13 09:44:39,823.49,823.72
2017-04-13 09:44:40,823.38,823.72
2017-04-13 09:44:41,823.38,823.72
2017-04-13 09:44:42,823.39,823.72
2017-04-13 09:44:43,823.39,823.72
2017-04-13 09:44:44,823.39,823.72
2017-04-13 09:44:45,823.39,823.72
2017-04-13 09:44:46,823.39,823.72
2017-04-13 09:44:47,823.39,823.72
2017-04-13 09:44:48,823.39,823.72
2017-04-13 09:44:49,823.39,823.72
2017-04-13 09:44:50,823.39,823.72
2017-04-13 09:44:51,823.5,823.72
2017-04-13 09:44:52,823.5,823.72
2017-04-13 09:44:53,823.5,823.72
2017-04-13 09:44:54,823.5,823.72
2017-04-13 09:44:55,823.5,823.72
2017-04-13 09:44:56,823.5,823.7
2017-04-13 09:44:57,823.5,823.7
2017-04-13 09:44:58,823.39,823.68
2017-04-13 09:44:59,823.39,823.68
2017-04-13 09:45:00,823.39,823.68
2017-04-13 09:45:01,823.2,823.62
2017-04-13 09:45:02,823.03,823.6
2017-04-13 09:45:03,823.03,823.6
2017-04-13 09:45:04,823.03,823.6
2017-04-13 09:45:05,823.03,823.6
2017-04-13 09:45:06,823.03,823.6
2017-04-13 09:45:07,823.03,823.6
2017-04-13 09:45:08,823.03,823.6
2017-04-13 09:45:09,823.03,823.6
2017-04-13 09:45:10,823.03,823.6
2017-04-13 09:45:11,823.03,823.6
2017-04-13 09:45:12,823.03,823.6
2017-04-13 09:45:13,823.03,823.6
2017-04-13 09:45:14,823.03,823.6
2017-04-13 09:45:15,823.03,823.6
2017-04-13 09:45:16,823.03,823.6
2017-04-13 09:45:17,823.03,823.6
2017-04-13 09:45:18,823.03,823.6
2017-04-13 09:45:19,823.03,823.6
2017-04-13 09:45:20,823.03,823.6
2017-04-13 09:45:21,823.03,823.6
2017-04-13 09:45:22,823.2,823.68
2017-04-13 09:45:23,823.2,823.68
2017-04-13 09:45:24,823.2,823.72
2017-04-13 09:45:25,823.2,823.72
2017-04-13 09:45:26,823.2,823.72
2017-04-13 09:45:27,823.2,823.72
2017-04-13 09:45:28,823.2,823.72
2017-04-13 09:45:29,823.2,823.72
2017-04-13 09:45:30,823.2,823.72
2017-04-13 09:45:31,823.2,823.72
2017-04-13 09:45:32,823.2,823.72
2017-04-13 09:45:33,823.2,823.72
2017-04-13 09:45:34,823.2,823.72
2017-04-13 09:45:35,823.2,823.72
2017-04-13 09:45:36,823.2,823.72
2017-04-13 09:45:37,823.2,823.72
2017-04-13 09:45:38,823.2,823.72
2017-04-13 09:45:39,823.2,823.71
2017-04-13 09:45:40,823.2,823.71
2017-04-13 09:45:41,823.2,823.71
2017-04-13 09:45:42,823.2,823.71
2017-04-13 09:45:43,823.2,823.71
2017-04-13 09:45:44,823.2,823.71
2017-04-13 09:45:45,823.2,823.71
2017-04-13 09:45:46,823.2,823.71
2017-04-13 09:45:47,823.2,823.71
2017-04-13 09:45:48,823.2,823.71
2017-04-13 09:45:49,823.2,823.71
2017-04-13 09:45:50,823.2,823.71
2017-04-13 09:45:51,823.2,823.71
2017-04-13 09:45:52,823.2,823.71
2017-04-13 09:45:53,823.2,823.71
2017-04-13 09:45:54,823.0,823.69
2017-04-13 09:45:55,823.0,823.67
2017-04-13 09:45:56,823.0,823.68
2017-04-13 09:45:57,823.0,823.68
2017-04-13 09:45:58,823.0,823.68
2017-04-13 09:45:59,823.0,823.68
2017-04-13 09:46:00,823.0,823.68
2017-04-13 09:46:01,823.0,823.68
2017-04-13 09:46:02,823.0,823.68
2017-04-13 09:46:03,823.0,823.68
2017-04-13 09:46:04,823.0,823.68
2017-04-13 09:46:05,823.0,823.68
2017-04-13 09:46:06,823.0,823.68
2017-04-13 09:46:07,823.0,823.68
2017-04-13 09:46:08,823.0,823.68
2017-04-13 09:46:09,823.0,823.68
2017-04-13 09:46:10,823.0,823.68
2017-04-13 09:46:11,823.0,823.68
2017-04-13 09:46:12,823.0,823.68
2017-04-13 09:46:13,823.0,823.68
2017-04-13 09:46:14,823.0,823.68
2017-04-13 09:46:15,823.0,823.69
2017-04-13 09:46:16,823.0,823.69
2017-04-13 09:46:17,823.0,823.69
2017-04-13 09:46:18,823.0,823.69
2017-04-13 09:46:19,823.0,823.69
2017-04-13 09:46:20,823.0,823.69
2017-04-13 09:46:21,823.0,823.69
2017-04-13 09:46:22,823.1,823.68
2017-04-13 09:46:23,823.1,823.69
2017-04-13 09:46:24,823.1,823.69
2017-04-13 09:46:25,823.1,823.69
2017-04-13 09:46:26,823.12,823.69
2017-04-13 09:46:27,823.37,823.69
2017-04-13 09:46:28,823.37,823.69
2017-04-13 09:46:29,823.37,823.69
2017-04-13 09:46:30,823.37,823.69
2017-04-13 09:46:31,823.37,823.69
2017-04-13 09:46:32,823.37,823.69
2017-04-13 09:46:33,823.37,823.69
2017-04-13 09:46:34,823.38,823.69
2017-04-13 09:46:35,823.38,823.69
2017-04-13 09:46:36,823.39,823.69
2017-04-13 09:46:37,823.39,823.69
2017-04-13 09:46:38,823.39,823.69
2017-04-13 09:46:39,823.39,823.69
2017-04-13 09:46:40,823.39,823.69
2017-04-13 09:46:41,823.39,823.69
2017-04-13 09:46:42,823.39,823.69
2017-04-13 09:46:43,823.39,823.69
2017-04-13 09:46:44,823.39,823.69
2017-04-13 09:46:45,823.39,823.69
2017-04-13 09:46:46,823.39,823.69
2017-04-13 09:46:47,823.4,823.69
2017-04-13 09:46:48,823.4,823.69
2017-04-13 09:46:49,823.4,823.69
2017-04-13 09:46:50,823.4,823.69
2017-04-13 09:46:51,823.4,823.69
2017-04-13 09:46:52,823.4,823.69
2017-04-13 09:46:53,823.4,823.69
2017-04-13 09:46:54,823.4,823.69
2017-04-13 09:46:55,823.4,823.69
2017-04-13 09:46:56,823.1,823.66
2017-04-13 09:46:57,823.1,823.66
2017-04-13 09:46:58,823.1,823.66
2017-04-13 09:46:59,823.0,823.65
2017-04-13 09:47:00,823.0,823.65
2017-04-13 09:47:01,823.0,823.65
2017-04-13 09:47:02,822.8,823.35
2017-04-13 09:47:03,822.8,823.35
2017-04-13 09:47:04,822.8,823.34
2017-04-13 09:47:05,822.8,823.34
2017-04-13 09:47:06,822.8,823.34
2017-04-13 09:47:07,822.8,823.34
2017-04-13 09:47:08,822.8,823.34
2017-04-13 09:47:09,822.8,823.34
2017-04-13 09:47:10,822.8,823.34
2017-04-13 09:47:11,822.8,823.34
2017-04-13 09:47:12,822.8,823.34
2017-04-13 09:47:13,822.8,823.34
2017-04-13 09:47:14,822.8,823.34
2017-04-13 09:47:15,822.8,823.34
2017-04-13 09:47:16,822.8,823.34
2017-04-13 09:47:17,822.8,823.34
2017-04-13 09:47:18,822.8,823.34
2017-04-13 09:47:19,822.8,823.34
2017-04-13 09:47:20,822.8,823.34
2017-04-13 09:47:21,822.8,823.34
2017-04-13 09:47:22,822.8,823.34
2017-04-13 09:47:23,823.0,823.32
2017-04-13 09:47:24,823.0,823.31
2017-04-13 09:47:25,823.0,823.31
2017-04-13 09:47:26,823.0,823.31
2017-04-13 09:47:27,823.0,823.31
2017-04-13 09:47:28,822.81,823.3
2017-04-13 09:47:29,822.81,823.31
2017-04-13 09:47:30,822.81,823.31
2017-04-13 09:47:31,822.8,823.31
2017-04-13 09:47:32,822.8,823.31
2017-04-13 09:47:33,822.8,823.31
2017-04-13 09:47:34,822.8,823.31
2017-04-13 09:47:35,822.8,823.31
2017-04-13 09:47:36,822.8,823.31
2017-04-13 09:47:37,822.8,823.31
2017-04-13 09:47:38,822.8,823.31
2017-04-13 09:47:39,822.8,823.31
2017-04-13 09:47:40,822.8,823.31
2017-04-13 09:47:41,822.8,823.31
2017-04-13 09:47:42,822.81,823.31
2017-04-13 09:47:43,822.81,823.31
2017-04-13 09:47:44,822.81,823.31
2017-04-13 09:47:45,822.81,823.31
2017-04-13 09:47:46,822.81,823.31
2017-04-13 09:47:47,822.81,823.31
2017-04-13 09:47:48,822.81,823.31
2017-04-13 09:47:49,822.81,823.31
2017-04-13 09:47:50,822.81,823.31
2017-04-13 09:47:51,822.8,823.19
2017-04-13 09:47:52,822.8,823.19
2017-04-13 09:47:53,822.8,823.19
2017-04-13 09:47:54,822.6,823.19
2017-04-13 09:47:55,822.6,823.19
2017-04-13 09:47:56,822.66,823.19
2017-04-13 09:47:57,822.66,823.19
2017-04-13 09:47:58,822.66,823.19
2017-04-13 09:47:59,822.66,823.19
2017-04-13 09:48:00,822.66,823.19
2017-04-13 09:48:01,822.66,823.19
2017-04-13 09:48:02,822.66,823.15
2017-04-13 09:48:03,822.66,823.14
2017-04-13 09:48:04,822.66,823.14
2017-04-13 09:48:05,822.66,823.1
2017-04-13 09:48:06,822.66,823.1
2017-04-13 09:48:07,822.66,823.1
2017-04-13 09:48:08,822.66,823.0
2017-04-13 09:48:09,822.66,823.0
2017-04-13 09:48:10,822.7,823.0
2017-04-13 09:48:11,822.7,823.0
2017-04-13 09:48:12,822.7,823.0
2017-04-13 09:48:13,822.7,823.0
2017-04-13 09:48:14,822.71,823.24
2017-04-13 09:48:15,822.71,823.24
2017-04-13 09:48:16,822.71,823.24
2017-04-13 09:48:17,822.71,823.24
2017-04-13 09:48:18,822.71,823.24
2017-04-13 09:48:19,822.71,823.24
2017-04-13 09:48:20,822.71,823.24
2017-04-13 09:48:21,822.76,823.24
2017-04-13 09:48:22,822.76,823.24
2017-04-13 09:48:23,822.76,823.24
2017-04-13 09:48:24,822.76,823.24
2017-04-13 09:48:25,822.76,823.24
2017-04-13 09:48:26,822.76,823.24
2017-04-13 09:48:27,822.76,823.24
2017-04-13 09:48:28,822.76,823.23
2017-04-13 09:48:29,822.76,823.23
2017-04-13 09:48:30,822.76,823.22
2017-04-13 09:48:31,822.76,823.22
2017-04-13 09:48:32,822.76,823.22
2017-04-13 09:48:33,822.76,823.22
2017-04-13 09:48:34,822.76,823.22
2017-04-13 09:48:35,822.76,823.22
2017-04-13 09:48:36,822.76,823.22
2017-04-13 09:48:37,822.76,823.22
2017-04-13 09:48:38,822.76,823.22
2017-04-13 09:48:39,822.76,823.22
2017-04-13 09:48:40,822.76,823.22
2017-04-13 09:48:41,822.76,823.22
2017-04-13 09:48:42,822.76,823.22
2017-04-13 09:48:43,822.76,823.22
2017-04-13 09:48:44,822.76,823.22
2017-04-13 09:48:45,822.76,823.22
2017-04-13 09:48:46,822.76,823.21
2017-04-13 09:48:47,822.76,823.21
2017-04-13 09:48:48,822.76,823.21
2017-04-13 09:48:49,822.76,823.2
2017-04-13 09:48:50,822.78,823.2
2017-04-13 09:48:51,822.79,823.2
2017-04-13 09:48:52,822.86,823.2
2017-04-13 09:48:53,822.86,823.2
2017-04-13 09:48:54,822.9,823.2
2017-04-13 09:48:55,822.9,823.2
2017-04-13 09:48:56,822.9,823.2
2017-04-13 09:48:57,822.9,823.2
2017-04-13 09:48:58,822.9,823.2
2017-04-13 09:48:59,822.9,823.2
2017-04-13 09:49:00,822.9,823.2
2017-04-13 09:49:01,822.9,823.2
2017-04-13 09:49:02,822.9,823.2
2017-04-13 09:49:03,822.95,823.2
2017-04-13 09:49:04,822.95,823.2
2017-04-13 09:49:05,822.98,823.2
2017-04-13 09:49:06,822.99,823.2
2017-04-13 09:49:07,822.99,823.2
2017-04-13 09:49:08,822.76,823.18
2017-04-13 09:49:09,822.46,822.99
2017-04-13 09:49:10,822.41,822.99
2017-04-13 09:49:11,822.38,822.99
2017-04-13 09:49:12,822.46,822.99
2017-04-13 09:49:13,822.46,822.99
2017-04-13 09:49:14,822.46,822.99
2017-04-13 09:49:15,822.46,822.99
2017-04-13 09:49:16,822.46,822.99
2017-04-13 09:49:17,822.46,822.99
2017-04-13 09:49:18,822.46,822.99
2017-04-13 09:49:19,822.48,822.98
2017-04-13 09:49:20,822.48,822.98
2017-04-13 09:49:21,822.5,822.98
2017-04-13 09:49:22,822.5,822.98
2017-04-13 09:49:23,822.53,822.98
2017-04-13 09:49:24,822.54,822.98
2017-04-13 09:49:25,822.54,822.98
2017-04-13 09:49:26,822.54,822.98
2017-04-13 09:49:27,822.56,822.98
2017-04-13 09:49:28,822.56,822.98
2017-04-13 09:49:29,822.57,822.98
2017-04-13 09:49:30,822.57,822.98
2017-04-13 09:49:31,822.58,822.98
2017-04-13 09:49:32,822.58,822.98
2017-04-13 09:49:33,822.61,822.98
2017-04-13 09:49:34,822.61,822.98
2017-04-13 09:49:35,822.61,822.98
2017-04-13 09:49:36,822.61,822.98
2017-04-13 09:49:37,822.61,822.98
2017-04-13 09:49:38,822.61,822.98
2017-04-13 09:49:39,822.61,822.98
2017-04-13 09:49:40,822.61,822.98
2017-04-13 09:49:41,822.61,822.98
2017-04-13 09:49:42,822.61,822.98
2017-04-13 09:49:43,822.61,822.98
2017-04-13 09:49:44,822.61,822.98
2017-04-13 09:49:45,822.61,822.98
2017-04-13 09:49:46,822.61,822.98
2017-04-13 09:49:47,822.61,822.98
2017-04-13 09:49:48,822.61,822.98
2017-04-13 09:49:49,822.61,822.98
2017-04-13 09:49:50,822.61,822.98
2017-04-13 09:49:51,822.61,822.98
2017-04-13 09:49:52,822.61,822.98
2017-04-13 09:49:53,822.61,822.98
2017-04-13 09:49:54,822.61,822.98
2017-04-13 09:49:55,822.62,822.98
2017-04-13 09:49:56,822.7,822.98
2017-04-13 09:49:57,822.7,822.98
2017-04-13 09:49:58,822.7,822.98
2017-04-13 09:49:59,822.7,822.98
2017-04-13 09:50:00,822.7,822.98
2017-04-13 09:50:01,822.76,822.98
2017-04-13 09:50:02,822.75,822.98
2017-04-13 09:50:03,822.75,822.98
2017-04-13 09:50:04,822.75,822.98
2017-04-13 09:50:05,822.75,822.98
2017-04-13 09:50:06,822.75,822.98
2017-04-13 09:50:07,822.75,822.98
2017-04-13 09:50:08,822.58,822.96
2017-04-13 09:50:09,822.58,822.96
2017-04-13 09:50:10,822.58,822.96
2017-04-13 09:50:11,822.58,822.96
2017-04-13 09:50:12,822.58,822.96
2017-04-13 09:50:13,822.58,822.96
2017-04-13 09:50:14,822.58,822.96
2017-04-13 09:50:15,822.58,822.95
2017-04-13 09:50:16,822.58,822.95
2017-04-13 09:50:17,822.6,822.95
2017-04-13 09:50:18,822.6,822.94
2017-04-13 09:50:19,822.6,822.94
2017-04-13 09:50:20,822.6,822.93
2017-04-13 09:50:21,822.6,822.93
2017-04-13 09:50:22,822.6,822.92
2017-04-13 09:50:23,822.57,822.91
2017-04-13 09:50:24,822.36,822.8
2017-04-13 09:50:25,822.36,822.91
2017-04-13 09:50:26,822.36,822.91
2017-04-13 09:50:27,822.57,822.91
2017-04-13 09:50:28,822.57,822.91
2017-04-13 09:50:29,822.57,822.91
2017-04-13 09:50:30,822.61,822.91
2017-04-13 09:50:31,822.61,822.9
2017-04-13 09:50:32,822.61,822.9
2017-04-13 09:50:33,822.61,822.9
2017-04-13 09:50:34,822.61,822.9
2017-04-13 09:50:35,822.61,822.9
2017-04-13 09:50:36,822.65,822.88
2017-04-13 09:50:37,822.65,822.88
2017-04-13 09:50:38,822.36,822.87
2017-04-13 09:50:39,822.36,822.86
2017-04-13 09:50:40,822.36,822.86
2017-04-13 09:50:41,822.36,822.86
2017-04-13 09:50:42,822.36,822.86
2017-04-13 09:50:43,822.5,822.86
2017-04-13 09:50:44,822.5,822.86
2017-04-13 09:50:45,822.5,822.86
2017-04-13 09:50:46,822.5,822.86
2017-04-13 09:50:47,822.5,822.86
2017-04-13 09:50:48,822.5,822.86
2017-04-13 09:50:49,822.5,822.86
2017-04-13 09:50:50,822.5,822.86
2017-04-13 09:50:51,822.5,822.85
2017-04-13 09:50:52,822.5,822.85
2017-04-13 09:50:53,822.5,822.85
2017-04-13 09:50:54,822.5,822.84
2017-04-13 09:50:55,822.5,822.84
2017-04-13 09:50:56,822.5,822.84
2017-04-13 09:50:57,822.5,822.84
2017-04-13 09:50:58,822.5,822.84
2017-04-13 09:50:59,822.5,822.84
2017-04-13 09:51:00,822.56,822.85
2017-04-13 09:51:01,822.57,822.91
2017-04-13 09:51:02,822.56,822.91
2017-04-13 09:51:03,822.56,822.91
2017-04-13 09:51:04,822.56,822.91
2017-04-13 09:51:05,822.56,822.91
2017-04-13 09:51:06,822.57,822.91
2017-04-13 09:51:07,822.57,822.91
2017-04-13 09:51:08,822.57,822.91
2017-04-13 09:51:09,822.57,822.91
2017-04-13 09:51:10,822.73,823.29
2017-04-13 09:51:11,822.96,823.37
2017-04-13 09:51:12,823.01,823.34
2017-04-13 09:51:13,823.03,823.3
2017-04-13 09:51:14,823.37,823.64
2017-04-13 09:51:15,823.2,823.64
2017-04-13 09:51:16,823.21,823.64
2017-04-13 09:51:17,823.23,823.64
2017-04-13 09:51:18,823.24,823.64
2017-04-13 09:51:19,823.25,823.64
2017-04-13 09:51:20,823.26,823.64
2017-04-13 09:51:21,823.27,823.64
2017-04-13 09:51:22,823.29,823.64
2017-04-13 09:51:23,823.3,823.64
2017-04-13 09:51:24,823.3,823.64
2017-04-13 09:51:25,823.31,823.64
2017-04-13 09:51:26,823.35,823.67
2017-04-13 09:51:27,823.36,823.67
2017-04-13 09:51:28,823.36,823.67
2017-04-13 09:51:29,823.36,823.67
2017-04-13 09:51:30,823.38,823.67
2017-04-13 09:51:31,823.39,823.67
2017-04-13 09:51:32,823.43,823.68
2017-04-13 09:51:33,823.5,823.7
2017-04-13 09:51:34,823.5,823.7
2017-04-13 09:51:35,823.42,823.68
2017-04-13 09:51:36,823.43,823.7
2017-04-13 09:51:37,823.43,823.7
2017-04-13 09:51:38,823.43,823.7
2017-04-13 09:51:39,823.51,823.7
2017-04-13 09:51:40,823.51,823.7
2017-04-13 09:51:41,823.35,823.69
2017-04-13 09:51:42,823.35,823.69
2017-04-13 09:51:43,823.22,823.69
2017-04-13 09:51:44,823.22,823.69
2017-04-13 09:51:45,823.22,823.69
2017-04-13 09:51:46,823.22,823.54
2017-04-13 09:51:47,823.22,823.54
2017-04-13 09:51:48,823.22,823.54
2017-04-13 09:51:49,823.22,823.54
2017-04-13 09:51:50,823.22,823.54
2017-04-13 09:51:51,823.22,823.54
2017-04-13 09:51:52,823.22,823.54
2017-04-13 09:51:53,823.22,823.54
2017-04-13 09:51:54,823.22,823.54
2017-04-13 09:51:55,823.22,823.54
2017-04-13 09:51:56,823.22,823.54
2017-04-13 09:51:57,823.22,823.54
2017-04-13 09:51:58,823.22,823.54
2017-04-13 09:51:59,823.22,823.54
2017-04-13 09:52:00,823.22,823.54
2017-04-13 09:52:01,823.22,823.54
2017-04-13 09:52:02,823.22,823.54
2017-04-13 09:52:03,823.22,823.54
2017-04-13 09:52:04,823.22,823.54
2017-04-13 09:52:05,823.22,823.54
2017-04-13 09:52:06,823.22,823.54
2017-04-13 09:52:07,823.22,823.54
2017-04-13 09:52:08,823.22,823.54
2017-04-13 09:52:09,823.22,823.54
2017-04-13 09:52:10,823.22,823.54
2017-04-13 09:52:11,823.22,823.54
2017-04-13 09:52:12,823.22,823.54
2017-04-13 09:52:13,823.22,823.54
2017-04-13 09:52:14,823.24,823.59
2017-04-13 09:52:15,823.25,823.59
2017-04-13 09:52:16,823.25,823.59
2017-04-13 09:52:17,823.25,823.59
2017-04-13 09:52:18,823.25,823.59
2017-04-13 09:52:19,823.25,823.62
2017-04-13 09:52:20,823.25,823.62
2017-04-13 09:52:21,823.62,823.84
2017-04-13 09:52:22,823.62,823.84
2017-04-13 09:52:23,823.62,824.0
2017-04-13 09:52:24,823.64,824.0
2017-04-13 09:52:25,823.86,824.0
2017-04-13 09:52:26,824.03,824.26
2017-04-13 09:52:27,823.86,824.26
2017-04-13 09:52:28,823.86,824.26
2017-04-13 09:52:29,823.86,824.23
2017-04-13 09:52:30,823.86,824.23
2017-04-13 09:52:31,823.86,824.23
2017-04-13 09:52:32,823.86,824.24
2017-04-13 09:52:33,823.86,824.24
2017-04-13 09:52:34,823.66,824.22
2017-04-13 09:52:35,823.68,824.22
2017-04-13 09:52:36,823.76,824.21
2017-04-13 09:52:37,823.76,824.2
2017-04-13 09:52:38,823.76,824.2
2017-04-13 09:52:39,823.8,824.19
2017-04-13 09:52:40,823.8,824.19
2017-04-13 09:52:41,823.8,824.19
2017-04-13 09:52:42,824.07,824.19
2017-04-13 09:52:43,823.77,824.24
2017-04-13 09:52:44,823.8,824.24
2017-04-13 09:52:45,823.8,824.24
2017-04-13 09:52:46,823.79,824.23
2017-04-13 09:52:47,823.79,824.23
2017-04-13 09:52:48,823.82,824.24
2017-04-13 09:52:49,823.82,824.25
2017-04-13 09:52:50,823.82,824.25
2017-04-13 09:52:51,823.82,824.25
2017-04-13 09:52:52,823.82,824.25
2017-04-13 09:52:53,823.82,824.25
2017-04-13 09:52:54,823.82,824.25
2017-04-13 09:52:55,824.15,824.5
2017-04-13 09:52:56,823.86,824.49
2017-04-13 09:52:57,823.86,824.49
2017-04-13 09:52:58,823.86,824.49
2017-04-13 09:52:59,823.94,824.49
2017-04-13 09:53:00,823.96,824.49
2017-04-13 09:53:01,824.02,824.49
2017-04-13 09:53:02,824.02,824.49
2017-04-13 09:53:03,824.03,824.49
2017-04-13 09:53:04,824.07,824.49
2017-04-13 09:53:05,824.1,824.5
2017-04-13 09:53:06,824.11,824.5
2017-04-13 09:53:07,824.12,824.5
2017-04-13 09:53:08,824.12,824.5
2017-04-13 09:53:09,824.12,824.5
2017-04-13 09:53:10,824.13,824.5
2017-04-13 09:53:11,824.13,824.5
2017-04-13 09:53:12,824.11,824.5
2017-04-13 09:53:13,824.11,824.5
2017-04-13 09:53:14,824.11,824.5
2017-04-13 09:53:15,824.11,824.5
2017-04-13 09:53:16,824.11,824.5
2017-04-13 09:53:17,824.11,824.5
2017-04-13 09:53:18,824.11,824.5
2017-04-13 09:53:19,824.11,824.5
2017-04-13 09:53:20,824.16,824.5
2017-04-13 09:53:21,824.16,824.5
2017-04-13 09:53:22,824.16,824.5
2017-04-13 09:53:23,824.16,824.5
2017-04-13 09:53:24,824.16,824.5
2017-04-13 09:53:25,824.17,824.4
2017-04-13 09:53:26,824.16,824.3
2017-04-13 09:53:27,824.01,824.29
2017-04-13 09:53:28,824.01,824.29
2017-04-13 09:53:29,824.01,824.13
2017-04-13 09:53:30,823.89,824.13
2017-04-13 09:53:31,823.89,824.13
2017-04-13 09:53:32,823.49,824.08
2017-04-13 09:53:33,823.49,824.08
2017-04-13 09:53:34,823.49,824.08
2017-04-13 09:53:35,823.49,824.08
2017-04-13 09:53:36,823.49,824.07
2017-04-13 09:53:37,823.49,824.05
2017-04-13 09:53:38,823.49,824.05
2017-04-13 09:53:39,823.49,824.05
2017-04-13 09:53:40,823.49,823.94
2017-04-13 09:53:41,823.49,823.94
2017-04-13 09:53:42,823.49,823.94
2017-04-13 09:53:43,823.49,823.94
2017-04-13 09:53:44,823.49,823.94
2017-04-13 09:53:45,823.49,823.94
2017-04-13 09:53:46,823.49,823.94
2017-04-13 09:53:47,823.49,823.93
2017-04-13 09:53:48,823.49,823.93
2017-04-13 09:53:49,823.49,823.93
2017-04-13 09:53:50,823.49,823.93
2017-04-13 09:53:51,823.49,823.93
2017-04-13 09:53:52,823.49,823.94
2017-04-13 09:53:53,823.49,823.94
2017-04-13 09:53:54,823.51,823.93
2017-04-13 09:53:55,823.51,823.93
2017-04-13 09:53:56,823.51,823.94
2017-04-13 09:53:57,823.53,823.84
2017-04-13 09:53:58,823.55,823.84
2017-04-13 09:53:59,823.58,823.84
2017-04-13 09:54:00,823.62,823.84
2017-04-13 09:54:01,823.62,823.84
2017-04-13 09:54:02,823.65,823.97
2017-04-13 09:54:03,823.66,823.98
2017-04-13 09:54:04,823.66,823.98
2017-04-13 09:54:05,823.66,823.97
2017-04-13 09:54:06,823.66,823.97
2017-04-13 09:54:07,823.67,823.97
2017-04-13 09:54:08,823.68,823.97
2017-04-13 09:54:09,823.7,823.98
2017-04-13 09:54:10,823.71,823.98
2017-04-13 09:54:11,823.71,823.98
2017-04-13 09:54:12,823.72,823.98
2017-04-13 09:54:13,823.72,823.98
2017-04-13 09:54:14,823.72,823.98
2017-04-13 09:54:15,823.72,823.98
2017-04-13 09:54:16,823.72,823.98
2017-04-13 09:54:17,823.72,823.98
2017-04-13 09:54:18,823.73,823.98
2017-04-13 09:54:19,823.73,823.98
2017-04-13 09:54:20,823.73,823.98
2017-04-13 09:54:21,823.73,823.98
2017-04-13 09:54:22,823.73,823.98
2017-04-13 09:54:23,823.73,823.98
2017-04-13 09:54:24,823.73,823.98
2017-04-13 09:54:25,823.73,823.98
2017-04-13 09:54:26,823.73,823.98
2017-04-13 09:54:27,823.73,823.98
2017-04-13 09:54:28,823.73,823.98
2017-04-13 09:54:29,823.73,823.98
2017-04-13 09:54:30,823.73,823.98
2017-04-13 09:54:31,823.73,823.98
2017-04-13 09:54:32,823.73,823.98
2017-04-13 09:54:33,823.73,823.98
2017-04-13 09:54:34,823.73,823.98
2017-04-13 09:54:35,823.73,823.98
2017-04-13 09:54:36,823.73,823.98
2017-04-13 09:54:37,823.73,823.98
2017-04-13 09:54:38,823.73,823.98
2017-04-13 09:54:39,823.73,823.98
2017-04-13 09:54:40,823.73,823.98
2017-04-13 09:54:41,823.73,823.98
2017-04-13 09:54:42,823.73,823.98
2017-04-13 09:54:43,823.73,823.98
2017-04-13 09:54:44,823.73,823.98
2017-04-13 09:54:45,823.73,823.98
2017-04-13 09:54:46,823.73,823.98
2017-04-13 09:54:47,823.73,823.98
2017-04-13 09:54:48,823.73,823.98
2017-04-13 09:54:49,823.73,823.98
2017-04-13 09:54:50,823.98,824.21
2017-04-13 09:54:51,823.99,824.21
2017-04-13 09:54:52,823.99,824.21
2017-04-13 09:54:53,823.74,824.2
2017-04-13 09:54:54,823.74,824.2
2017-04-13 09:54:55,823.74,824.19
2017-04-13 09:54:56,823.74,824.19
2017-04-13 09:54:57,823.76,824.19
2017-04-13 09:54:58,823.84,824.19
2017-04-13 09:54:59,823.9,824.19
2017-04-13 09:55:00,823.91,824.21
2017-04-13 09:55:01,823.91,824.21
2017-04-13 09:55:02,823.82,824.21
2017-04-13 09:55:03,823.82,824.21
2017-04-13 09:55:04,823.83,824.21
2017-04-13 09:55:05,823.84,824.21
2017-04-13 09:55:06,823.84,824.21
2017-04-13 09:55:07,823.88,824.21
2017-04-13 09:55:08,823.9,824.45
2017-04-13 09:55:09,823.94,824.45
2017-04-13 09:55:10,823.98,824.45
2017-04-13 09:55:11,824.02,824.45
2017-04-13 09:55:12,824.07,824.44
2017-04-13 09:55:13,824.12,824.46
2017-04-13 09:55:14,824.19,824.46
2017-04-13 09:55:15,824.28,824.46
2017-04-13 09:55:16,824.3,824.44
2017-04-13 09:55:17,824.31,824.4
2017-04-13 09:55:18,824.31,824.36
2017-04-13 09:55:19,824.26,824.5
2017-04-13 09:55:20,824.26,824.5
2017-04-13 09:55:21,824.07,824.49
2017-04-13 09:55:22,824.07,824.49
2017-04-13 09:55:23,824.07,824.5
2017-04-13 09:55:24,824.07,824.5
2017-04-13 09:55:25,824.07,824.5
2017-04-13 09:55:26,824.07,824.5
2017-04-13 09:55:27,824.07,824.5
2017-04-13 09:55:28,824.07,824.39
2017-04-13 09:55:29,823.88,824.39
2017-04-13 09:55:30,823.89,824.39
2017-04-13 09:55:31,823.89,824.39
2017-04-13 09:55:32,823.89,824.3
2017-04-13 09:55:33,823.89,824.3
2017-04-13 09:55:34,823.9,824.3
2017-04-13 09:55:35,823.9,824.3
2017-04-13 09:55:36,823.91,824.3
2017-04-13 09:55:37,823.91,824.3
2017-04-13 09:55:38,823.91,824.3
2017-04-13 09:55:39,823.91,824.3
2017-04-13 09:55:40,823.91,824.3
2017-04-13 09:55:41,823.91,824.3
2017-04-13 09:55:42,823.91,824.3
2017-04-13 09:55:43,823.91,824.3
2017-04-13 09:55:44,823.91,824.39
2017-04-13 09:55:45,823.92,824.26
2017-04-13 09:55:46,823.92,824.26
2017-04-13 09:55:47,823.92,824.23
2017-04-13 09:55:48,823.92,824.23
2017-04-13 09:55:49,823.92,824.23
2017-04-13 09:55:50,823.93,824.23
2017-04-13 09:55:51,823.93,824.2
2017-04-13 09:55:52,823.93,824.2
2017-04-13 09:55:53,823.93,824.2
2017-04-13 09:55:54,823.93,824.2
2017-04-13 09:55:55,823.92,824.19
2017-04-13 09:55:56,823.92,824.19
2017-04-13 09:55:57,823.92,824.19
2017-04-13 09:55:58,823.92,824.19
2017-04-13 09:55:59,823.92,824.19
2017-04-13 09:56:00,823.92,824.19
2017-04-13 09:56:01,823.92,824.19
2017-04-13 09:56:02,823.89,824.19
2017-04-13 09:56:03,823.89,824.19
2017-04-13 09:56:04,823.89,824.19
2017-04-13 09:56:05,823.89,824.19
2017-04-13 09:56:06,823.89,824.19
2017-04-13 09:56:07,823.89,824.19
2017-04-13 09:56:08,823.89,824.19
2017-04-13 09:56:09,823.89,824.19
2017-04-13 09:56:10,823.89,824.19
2017-04-13 09:56:11,823.89,824.19
2017-04-13 09:56:12,823.89,824.19
2017-04-13 09:56:13,823.89,824.19
2017-04-13 09:56:14,823.95,824.19
2017-04-13 09:56:15,823.95,824.19
2017-04-13 09:56:16,823.95,824.19
2017-04-13 09:56:17,823.85,824.17
2017-04-13 09:56:18,823.85,824.17
2017-04-13 09:56:19,823.85,824.17
2017-04-13 09:56:20,823.85,824.17
2017-04-13 09:56:21,823.85,824.17
2017-04-13 09:56:22,823.85,824.17
2017-04-13 09:56:23,823.85,824.17
2017-04-13 09:56:24,823.85,824.17
2017-04-13 09:56:25,823.85,824.17
2017-04-13 09:56:26,823.85,824.16
2017-04-13 09:56:27,823.85,824.16
2017-04-13 09:56:28,823.85,824.16
2017-04-13 09:56:29,823.85,824.16
2017-04-13 09:56:30,823.85,824.16
2017-04-13 09:56:31,823.85,824.16
2017-04-13 09:56:32,823.85,824.16
2017-04-13 09:56:33,823.85,824.16
2017-04-13 09:56:34,823.85,824.16
2017-04-13 09:56:35,823.85,824.16
2017-04-13 09:56:36,823.85,824.16
2017-04-13 09:56:37,823.85,824.16
2017-04-13 09:56:38,823.86,824.16
2017-04-13 09:56:39,823.86,824.16
2017-04-13 09:56:40,823.86,824.16
2017-04-13 09:56:41,823.86,824.16
2017-04-13 09:56:42,823.86,824.15
2017-04-13 09:56:43,823.86,824.15
2017-04-13 09:56:44,823.86,824.15
2017-04-13 09:56:45,823.86,824.14
2017-04-13 09:56:46,823.86,824.14
2017-04-13 09:56:47,823.86,824.14
2017-04-13 09:56:48,823.86,824.14
2017-04-13 09:56:49,823.86,824.14
2017-04-13 09:56:50,823.87,824.4
2017-04-13 09:56:51,823.87,824.4
2017-04-13 09:56:52,823.87,824.4
2017-04-13 09:56:53,823.87,824.4
2017-04-13 09:56:54,823.87,824.4
2017-04-13 09:56:55,823.87,824.4
2017-04-13 09:56:56,823.87,824.4
2017-04-13 09:56:57,823.87,824.4
2017-04-13 09:56:58,823.87,824.4
2017-04-13 09:56:59,823.87,824.4
2017-04-13 09:57:00,823.87,824.4
2017-04-13 09:57:01,823.87,824.4
2017-04-13 09:57:02,823.87,824.4
2017-04-13 09:57:03,823.87,824.4
2017-04-13 09:57:04,823.87,824.4
2017-04-13 09:57:05,823.87,824.4
2017-04-13 09:57:06,823.87,824.4
2017-04-13 09:57:07,823.87,824.4
2017-04-13 09:57:08,823.87,824.4
2017-04-13 09:57:09,823.87,824.4
2017-04-13 09:57:10,823.87,824.4
2017-04-13 09:57:11,823.87,824.4
2017-04-13 09:57:12,823.87,824.4
2017-04-13 09:57:13,823.87,824.4
2017-04-13 09:57:14,823.88,824.4
2017-04-13 09:57:15,824.05,824.4
2017-04-13 09:57:16,824.05,824.4
2017-04-13 09:57:17,824.05,824.4
2017-04-13 09:57:18,824.05,824.4
2017-04-13 09:57:19,824.05,824.4
2017-04-13 09:57:20,824.05,824.4
2017-04-13 09:57:21,824.05,824.4
2017-04-13 09:57:22,824.21,824.4
2017-04-13 09:57:23,824.21,824.4
2017-04-13 09:57:24,824.24,824.5
2017-04-13 09:57:25,824.33,824.65
2017-04-13 09:57:26,824.33,824.65
2017-04-13 09:57:27,824.46,824.65
2017-04-13 09:57:28,824.49,824.7
2017-04-13 09:57:29,824.49,824.7
2017-04-13 09:57:30,824.51,824.7
2017-04-13 09:57:31,824.52,824.7
2017-04-13 09:57:32,824.52,824.7
2017-04-13 09:57:33,824.53,824.82
2017-04-13 09:57:34,824.53,824.7
2017-04-13 09:57:35,824.54,824.7
2017-04-13 09:57:36,824.54,824.7
2017-04-13 09:57:37,824.54,824.7
2017-04-13 09:57:38,824.55,824.82
2017-04-13 09:57:39,824.55,824.82
2017-04-13 09:57:40,824.56,824.82
2017-04-13 09:57:41,824.56,824.82
2017-04-13 09:57:42,824.56,824.82
2017-04-13 09:57:43,824.56,824.82
2017-04-13 09:57:44,824.56,824.82
2017-04-13 09:57:45,824.59,824.82
2017-04-13 09:57:46,824.61,824.82
2017-04-13 09:57:47,824.61,824.82
2017-04-13 09:57:48,824.62,824.96
2017-04-13 09:57:49,824.62,824.96
2017-04-13 09:57:50,824.68,824.96
2017-04-13 09:57:51,824.75,824.94
2017-04-13 09:57:52,824.8,824.92
2017-04-13 09:57:53,824.85,824.98
2017-04-13 09:57:54,824.44,824.99
2017-04-13 09:57:55,824.44,824.99
2017-04-13 09:57:56,824.44,824.99
2017-04-13 09:57:57,824.44,824.99
2017-04-13 09:57:58,824.44,824.99
2017-04-13 09:57:59,824.7,824.99
2017-04-13 09:58:00,824.7,824.99
2017-04-13 09:58:01,824.7,824.99
2017-04-13 09:58:02,824.7,825.0
2017-04-13 09:58:03,824.7,825.0
2017-04-13 09:58:04,824.7,825.0
2017-04-13 09:58:05,824.7,825.0
2017-04-13 09:58:06,824.7,825.0
2017-04-13 09:58:07,824.7,825.0
2017-04-13 09:58:08,824.7,825.0
2017-04-13 09:58:09,824.7,825.0
2017-04-13 09:58:10,824.7,825.0
2017-04-13 09:58:11,824.73,825.0
2017-04-13 09:58:12,824.73,825.0
2017-04-13 09:58:13,824.73,825.0
2017-04-13 09:58:14,824.73,825.0
2017-04-13 09:58:15,824.73,825.0
2017-04-13 09:58:16,824.73,825.0
2017-04-13 09:58:17,824.73,825.0
2017-04-13 09:58:18,824.74,825.0
2017-04-13 09:58:19,824.74,825.0
2017-04-13 09:58:20,824.74,825.0
2017-04-13 09:58:21,824.74,825.0
2017-04-13 09:58:22,824.74,825.0
2017-04-13 09:58:23,824.75,824.99
2017-04-13 09:58:24,824.75,824.99
2017-04-13 09:58:25,824.75,824.99
2017-04-13 09:58:26,824.76,825.0
2017-04-13 09:58:27,824.76,825.0
2017-04-13 09:58:28,824.76,825.0
2017-04-13 09:58:29,824.76,825.0
2017-04-13 09:58:30,824.76,825.0
2017-04-13 09:58:31,824.76,825.0
2017-04-13 09:58:32,824.76,825.0
2017-04-13 09:58:33,824.77,825.0
2017-04-13 09:58:34,824.77,825.0
2017-04-13 09:58:35,824.75,825.0
2017-04-13 09:58:36,824.78,825.0
2017-04-13 09:58:37,824.75,825.0
2017-04-13 09:58:38,824.75,825.0
2017-04-13 09:58:39,824.75,825.0
2017-04-13 09:58:40,824.78,825.0
2017-04-13 09:58:41,824.78,825.0
2017-04-13 09:58:42,824.78,825.0
2017-04-13 09:58:43,824.78,825.0
2017-04-13 09:58:44,824.78,825.0
2017-04-13 09:58:45,824.78,825.0
2017-04-13 09:58:46,824.78,825.0
2017-04-13 09:58:47,824.78,825.0
2017-04-13 09:58:48,824.78,825.0
2017-04-13 09:58:49,824.78,825.0
2017-04-13 09:58:50,824.78,825.0
2017-04-13 09:58:51,824.8,825.0
2017-04-13 09:58:52,824.8,825.0
2017-04-13 09:58:53,824.8,825.0
2017-04-13 09:58:54,824.8,825.0
2017-04-13 09:58:55,824.8,825.0
2017-04-13 09:58:56,824.8,825.0
2017-04-13 09:58:57,824.8,825.0
2017-04-13 09:58:58,824.8,825.0
2017-04-13 09:58:59,824.8,825.0
2017-04-13 09:59:00,824.8,825.0
2017-04-13 09:59:01,824.8,825.0
2017-04-13 09:59:02,824.8,825.0
2017-04-13 09:59:03,824.8,825.0
2017-04-13 09:59:04,824.8,825.0
2017-04-13 09:59:05,824.8,825.0
2017-04-13 09:59:06,824.8,825.0
2017-04-13 09:59:07,824.8,825.0
2017-04-13 09:59:08,824.8,825.0
2017-04-13 09:59:09,824.75,825.0
2017-04-13 09:59:10,824.75,825.0
2017-04-13 09:59:11,824.75,825.0
2017-04-13 09:59:12,824.75,825.0
2017-04-13 09:59:13,824.51,825.0
2017-04-13 09:59:14,824.51,825.0
2017-04-13 09:59:15,824.51,824.99
2017-04-13 09:59:16,824.51,825.0
2017-04-13 09:59:17,824.51,825.0
2017-04-13 09:59:18,824.51,825.0
2017-04-13 09:59:19,824.51,825.0
2017-04-13 09:59:20,824.51,825.0
2017-04-13 09:59:21,824.33,824.95
2017-04-13 09:59:22,824.31,824.94
2017-04-13 09:59:23,824.31,824.93
2017-04-13 09:59:24,824.31,824.91
2017-04-13 09:59:25,824.31,824.91
2017-04-13 09:59:26,824.31,824.91
2017-04-13 09:59:27,824.31,824.91
2017-04-13 09:59:28,824.31,824.91
2017-04-13 09:59:29,824.31,824.91
2017-04-13 09:59:30,824.31,824.91
2017-04-13 09:59:31,824.31,824.91
2017-04-13 09:59:32,824.31,824.91
2017-04-13 09:59:33,824.32,824.91
2017-04-13 09:59:34,824.32,824.91
2017-04-13 09:59:35,824.32,824.91
2017-04-13 09:59:36,824.32,824.91
2017-04-13 09:59:37,824.32,824.91
2017-04-13 09:59:38,824.32,824.91
2017-04-13 09:59:39,824.32,824.91
2017-04-13 09:59:40,824.32,824.91
2017-04-13 09:59:41,824.32,824.91
2017-04-13 09:59:42,824.32,824.91
2017-04-13 09:59:43,824.32,824.91
2017-04-13 09:59:44,824.32,824.91
2017-04-13 09:59:45,824.32,824.91
2017-04-13 09:59:46,824.32,824.91
2017-04-13 09:59:47,824.32,824.91
2017-04-13 09:59:48,824.33,824.91
2017-04-13 09:59:49,824.33,824.91
2017-04-13 09:59:50,824.33,824.91
2017-04-13 09:59:51,824.33,824.91
2017-04-13 09:59:52,824.33,824.91
2017-04-13 09:59:53,824.33,824.91
2017-04-13 09:59:54,824.33,824.91
2017-04-13 09:59:55,824.33,824.91
2017-04-13 09:59:56,824.33,824.91
2017-04-13 09:59:57,824.33,824.91
2017-04-13 09:59:58,824.33,824.91
2017-04-13 09:59:59,824.33,824.91
2017-04-13 10:00:00,824.33,824.91
2017-04-13 10:00:01,824.62,824.91
2017-04-13 10:00:02,824.62,824.91
2017-04-13 10:00:03,824.38,824.91
2017-04-13 10:00:04,824.38,824.91
2017-04-13 10:00:05,824.38,824.91
2017-04-13 10:00:06,824.38,824.91
2017-04-13 10:00:07,824.38,824.91
2017-04-13 10:00:08,824.38,824.91
2017-04-13 10:00:09,824.38,824.91
2017-04-13 10:00:10,824.38,824.91
2017-04-13 10:00:11,824.39,824.91
2017-04-13 10:00:12,824.39,824.91
2017-04-13 10:00:13,824.39,824.91
2017-04-13 10:00:14,824.39,824.91
2017-04-13 10:00:15,824.39,824.91
2017-04-13 10:00:16,824.39,824.91
2017-04-13 10:00:17,824.39,824.91
2017-04-13 10:00:18,824.39,824.91
2017-04-13 10:00:19,824.39,824.91
2017-04-13 10:00:20,824.39,824.91
2017-04-13 10:00:21,824.39,824.91
2017-04-13 10:00:22,824.39,824.91
2017-04-13 10:00:23,824.39,824.95
2017-04-13 10:00:24,824.4,824.95
2017-04-13 10:00:25,824.4,824.95
2017-04-13 10:00:26,824.4,824.95
2017-04-13 10:00:27,824.41,824.95
2017-04-13 10:00:28,824.41,824.95
2017-04-13 10:00:29,824.43,824.95
2017-04-13 10:00:30,824.43,824.95
2017-04-13 10:00:31,824.81,825.39
2017-04-13 10:00:32,824.87,825.29
2017-04-13 10:00:33,824.9,825.29
2017-04-13 10:00:34,824.68,825.28
2017-04-13 10:00:35,824.74,825.28
2017-04-13 10:00:36,824.76,825.28
2017-04-13 10:00:37,824.76,825.28
2017-04-13 10:00:38,824.78,825.28
2017-04-13 10:00:39,824.79,825.28
2017-04-13 10:00:40,824.79,825.28
2017-04-13 10:00:41,824.8,825.28
2017-04-13 10:00:42,824.86,825.28
2017-04-13 10:00:43,824.89,825.28
2017-04-13 10:00:44,824.92,825.28
2017-04-13 10:00:45,824.92,825.27
2017-04-13 10:00:46,824.92,825.28
2017-04-13 10:00:47,824.92,825.28
2017-04-13 10:00:48,824.92,825.28
2017-04-13 10:00:49,824.92,825.28
2017-04-13 10:00:50,824.92,825.28
2017-04-13 10:00:51,824.92,825.28
2017-04-13 10:00:52,824.92,825.28
2017-04-13 10:00:53,824.92,825.28
2017-04-13 10:00:54,824.92,825.28
2017-04-13 10:00:55,824.92,825.28
2017-04-13 10:00:56,824.5,825.17
2017-04-13 10:00:57,824.5,825.16
2017-04-13 10:00:58,824.5,825.15
2017-04-13 10:00:59,824.51,825.15
2017-04-13 10:01:00,824.51,825.15
2017-04-13 10:01:01,824.51,825.15
2017-04-13 10:01:02,824.52,825.15
2017-04-13 10:01:03,824.75,825.15
2017-04-13 10:01:04,824.75,825.15
2017-04-13 10:01:05,824.77,825.15
2017-04-13 10:01:06,824.77,825.15
2017-04-13 10:01:07,824.77,825.15
2017-04-13 10:01:08,824.77,825.15
2017-04-13 10:01:09,824.77,825.15
2017-04-13 10:01:10,824.77,825.15
2017-04-13 10:01:11,824.77,825.15
2017-04-13 10:01:12,824.77,825.15
2017-04-13 10:01:13,824.77,825.15
2017-04-13 10:01:14,824.59,824.94
2017-04-13 10:01:15,824.59,824.93
2017-04-13 10:01:16,824.59,824.93
2017-04-13 10:01:17,824.59,824.92
2017-04-13 10:01:18,824.52,824.91
2017-04-13 10:01:19,824.52,824.91
2017-04-13 10:01:20,824.52,824.91
2017-04-13 10:01:21,824.52,824.91
2017-04-13 10:01:22,824.52,824.91
2017-04-13 10:01:23,824.52,824.91
2017-04-13 10:01:24,824.52,824.9
2017-04-13 10:01:25,824.52,824.93
2017-04-13 10:01:26,824.52,824.92
2017-04-13 10:01:27,824.52,824.91
2017-04-13 10:01:28,824.52,824.91
2017-04-13 10:01:29,824.52,824.91
2017-04-13 10:01:30,824.52,824.91
2017-04-13 10:01:31,824.52,824.91
2017-04-13 10:01:32,824.52,824.91
2017-04-13 10:01:33,824.52,824.91
2017-04-13 10:01:34,824.52,824.91
2017-04-13 10:01:35,824.53,824.95
2017-04-13 10:01:36,824.53,824.95
2017-04-13 10:01:37,824.53,824.95
2017-04-13 10:01:38,824.53,824.95
2017-04-13 10:01:39,824.53,824.94
2017-04-13 10:01:40,824.53,824.94
2017-04-13 10:01:41,824.53,824.94
2017-04-13 10:01:42,824.53,824.94
2017-04-13 10:01:43,824.53,824.94
2017-04-13 10:01:44,824.53,824.94
2017-04-13 10:01:45,824.53,824.94
2017-04-13 10:01:46,824.52,824.94
2017-04-13 10:01:47,824.52,824.94
2017-04-13 10:01:48,824.52,824.94
2017-04-13 10:01:49,824.52,824.94
2017-04-13 10:01:50,824.53,824.95
2017-04-13 10:01:51,824.68,824.95
2017-04-13 10:01:52,824.68,825.16
2017-04-13 10:01:53,824.69,825.16
2017-04-13 10:01:54,824.69,825.16
2017-04-13 10:01:55,824.69,825.16
2017-04-13 10:01:56,824.69,825.16
2017-04-13 10:01:57,824.69,825.34
2017-04-13 10:01:58,824.69,825.34
2017-04-13 10:01:59,824.69,825.34
2017-04-13 10:02:00,824.69,825.34
2017-04-13 10:02:01,824.7,825.34
2017-04-13 10:02:02,824.7,825.34
2017-04-13 10:02:03,824.74,825.5
2017-04-13 10:02:04,825.25,825.9
2017-04-13 10:02:05,825.31,825.9
2017-04-13 10:02:06,825.39,825.99
2017-04-13 10:02:07,825.45,825.99
2017-04-13 10:02:08,825.56,825.98
2017-04-13 10:02:09,825.76,826.06
2017-04-13 10:02:10,825.78,826.27
2017-04-13 10:02:11,825.78,826.27
2017-04-13 10:02:12,825.78,826.27
2017-04-13 10:02:13,825.78,826.27
2017-04-13 10:02:14,825.78,826.27
2017-04-13 10:02:15,825.78,826.27
2017-04-13 10:02:16,825.78,826.27
2017-04-13 10:02:17,825.78,826.27
2017-04-13 10:02:18,825.78,826.27
2017-04-13 10:02:19,825.77,826.25
2017-04-13 10:02:20,825.77,826.25
2017-04-13 10:02:21,825.77,826.25
2017-04-13 10:02:22,825.78,826.15
2017-04-13 10:02:23,825.8,826.15
2017-04-13 10:02:24,825.68,826.14
2017-04-13 10:02:25,825.16,825.76
2017-04-13 10:02:26,825.03,825.65
2017-04-13 10:02:27,825.04,825.65
2017-04-13 10:02:28,825.12,825.65
2017-04-13 10:02:29,825.15,825.65
2017-04-13 10:02:30,825.17,825.86
2017-04-13 10:02:31,825.17,825.86
2017-04-13 10:02:32,825.17,825.86
2017-04-13 10:02:33,825.17,825.86
2017-04-13 10:02:34,825.17,825.86
2017-04-13 10:02:35,825.17,825.86
2017-04-13 10:02:36,825.17,825.86
2017-04-13 10:02:37,825.17,825.86
2017-04-13 10:02:38,825.17,825.86
2017-04-13 10:02:39,825.17,825.86
2017-04-13 10:02:40,825.17,825.86
2017-04-13 10:02:41,825.19,825.86
2017-04-13 10:02:42,825.19,825.87
2017-04-13 10:02:43,825.19,825.87
2017-04-13 10:02:44,825.19,825.87
2017-04-13 10:02:45,825.19,825.87
2017-04-13 10:02:46,825.19,825.87
2017-04-13 10:02:47,825.19,825.87
2017-04-13 10:02:48,825.19,825.87
2017-04-13 10:02:49,825.19,825.87
2017-04-13 10:02:50,825.19,825.87
2017-04-13 10:02:51,825.19,825.87
2017-04-13 10:02:52,825.19,825.87
2017-04-13 10:02:53,825.23,825.84
2017-04-13 10:02:54,825.24,825.84
2017-04-13 10:02:55,825.26,825.84
2017-04-13 10:02:56,825.29,825.82
2017-04-13 10:02:57,825.36,825.82
2017-04-13 10:02:58,825.41,825.82
2017-04-13 10:02:59,825.43,825.82
2017-04-13 10:03:00,825.45,825.82
2017-04-13 10:03:01,825.5,825.82
2017-04-13 10:03:02,825.53,825.83
2017-04-13 10:03:03,825.26,825.79
2017-04-13 10:03:04,825.26,825.83
2017-04-13 10:03:05,825.26,825.83
2017-04-13 10:03:06,825.26,825.83
2017-04-13 10:03:07,825.19,825.8
2017-04-13 10:03:08,825.19,825.8
2017-04-13 10:03:09,825.03,825.63
2017-04-13 10:03:10,825.03,825.58
2017-04-13 10:03:11,825.03,825.58
2017-04-13 10:03:12,824.82,825.57
2017-04-13 10:03:13,824.83,825.57
2017-04-13 10:03:14,824.83,825.58
2017-04-13 10:03:15,824.83,825.58
2017-04-13 10:03:16,824.83,825.58
2017-04-13 10:03:17,824.83,825.58
2017-04-13 10:03:18,824.83,825.58
2017-04-13 10:03:19,824.82,825.57
2017-04-13 10:03:20,824.83,825.57
2017-04-13 10:03:21,824.83,825.57
2017-04-13 10:03:22,824.83,825.55
2017-04-13 10:03:23,824.83,825.55
2017-04-13 10:03:24,824.83,825.55
2017-04-13 10:03:25,824.83,825.55
2017-04-13 10:03:26,824.83,825.53
2017-04-13 10:03:27,824.82,825.53
2017-04-13 10:03:28,824.82,825.52
2017-04-13 10:03:29,824.82,825.34
2017-04-13 10:03:30,824.72,825.32
2017-04-13 10:03:31,824.64,825.3
2017-04-13 10:03:32,824.52,825.29
2017-04-13 10:03:33,824.52,825.29
2017-04-13 10:03:34,824.55,825.29
2017-04-13 10:03:35,824.55,825.29
2017-04-13 10:03:36,824.69,825.31
2017-04-13 10:03:37,824.69,825.31
2017-04-13 10:03:38,824.7,825.31
2017-04-13 10:03:39,824.72,825.31
2017-04-13 10:03:40,824.72,825.31
2017-04-13 10:03:41,824.72,825.31
2017-04-13 10:03:42,824.73,825.31
2017-04-13 10:03:43,824.73,825.31
2017-04-13 10:03:44,824.73,824.98
2017-04-13 10:03:45,824.73,824.98
2017-04-13 10:03:46,824.73,824.98
2017-04-13 10:03:47,824.73,824.98
2017-04-13 10:03:48,824.73,824.98
2017-04-13 10:03:49,824.73,824.98
2017-04-13 10:03:50,824.45,824.96
2017-04-13 10:03:51,824.45,824.96
2017-04-13 10:03:52,824.5,824.98
2017-04-13 10:03:53,824.5,824.98
2017-04-13 10:03:54,824.42,824.98
2017-04-13 10:03:55,824.42,824.98
2017-04-13 10:03:56,824.42,824.98
2017-04-13 10:03:57,824.42,824.98
2017-04-13 10:03:58,824.5,824.98
2017-04-13 10:03:59,824.5,824.98
2017-04-13 10:04:00,824.5,824.98
2017-04-13 10:04:01,824.55,824.98
2017-04-13 10:04:02,824.55,824.98
2017-04-13 10:04:03,824.55,824.98
2017-04-13 10:04:04,824.55,824.98
2017-04-13 10:04:05,824.55,824.98
2017-04-13 10:04:06,824.55,824.98
2017-04-13 10:04:07,824.55,824.98
2017-04-13 10:04:08,824.55,824.98
2017-04-13 10:04:09,824.55,824.98
2017-04-13 10:04:10,824.55,824.98
2017-04-13 10:04:11,824.55,824.98
2017-04-13 10:04:12,824.55,824.98
2017-04-13 10:04:13,824.55,824.98
2017-04-13 10:04:14,824.55,824.98
2017-04-13 10:04:15,824.56,824.98
2017-04-13 10:04:16,824.56,824.98
2017-04-13 10:04:17,824.56,824.98
2017-04-13 10:04:18,824.56,824.98
2017-04-13 10:04:19,824.56,824.98
2017-04-13 10:04:20,824.56,824.98
2017-04-13 10:04:21,824.56,824.98
2017-04-13 10:04:22,824.56,824.98
2017-04-13 10:04:23,824.56,824.98
2017-04-13 10:04:24,824.56,824.98
2017-04-13 10:04:25,824.56,824.98
2017-04-13 10:04:26,824.56,824.98
2017-04-13 10:04:27,824.56,824.98
2017-04-13 10:04:28,824.56,824.98
2017-04-13 10:04:29,824.56,824.98
2017-04-13 10:04:30,824.56,824.98
2017-04-13 10:04:31,824.56,824.98
2017-04-13 10:04:32,824.56,824.98
2017-04-13 10:04:33,824.56,824.98
2017-04-13 10:04:34,824.62,825.48
2017-04-13 10:04:35,824.64,825.48
2017-04-13 10:04:36,824.68,825.5
2017-04-13 10:04:37,824.68,825.53
2017-04-13 10:04:38,824.68,825.53
2017-04-13 10:04:39,824.69,825.53
2017-04-13 10:04:40,824.69,825.53
2017-04-13 10:04:41,824.69,825.53
2017-04-13 10:04:42,824.71,825.53
2017-04-13 10:04:43,824.74,825.53
2017-04-13 10:04:44,824.74,825.53
2017-04-13 10:04:45,824.74,825.53
2017-04-13 10:04:46,824.74,825.51
2017-04-13 10:04:47,824.74,825.51
2017-04-13 10:04:48,824.74,825.51
2017-04-13 10:04:49,824.74,825.51
2017-04-13 10:04:50,824.85,825.51
2017-04-13 10:04:51,824.85,825.51
2017-04-13 10:04:52,824.85,825.51
2017-04-13 10:04:53,824.85,825.51
2017-04-13 10:04:54,824.85,825.51
2017-04-13 10:04:55,824.85,825.51
2017-04-13 10:04:56,824.86,825.57
2017-04-13 10:04:57,824.86,825.57
2017-04-13 10:04:58,824.87,825.57
2017-04-13 10:04:59,824.87,825.57
2017-04-13 10:05:00,824.88,825.57
2017-04-13 10:05:01,824.88,825.57
2017-04-13 10:05:02,824.88,825.54
2017-04-13 10:05:03,824.88,825.54
2017-04-13 10:05:04,824.88,825.54
2017-04-13 10:05:05,824.88,825.54
2017-04-13 10:05:06,824.98,825.54
2017-04-13 10:05:07,824.98,825.56
2017-04-13 10:05:08,824.98,825.57
2017-04-13 10:05:09,824.98,825.57
2017-04-13 10:05:10,824.98,825.56
2017-04-13 10:05:11,824.98,825.56
2017-04-13 10:05:12,824.98,825.56
2017-04-13 10:05:13,824.98,825.55
2017-04-13 10:05:14,824.98,825.57
2017-04-13 10:05:15,824.98,825.57
2017-04-13 10:05:16,824.98,825.57
2017-04-13 10:05:17,824.98,825.57
2017-04-13 10:05:18,824.98,825.57
2017-04-13 10:05:19,824.98,825.57
2017-04-13 10:05:20,824.98,825.57
2017-04-13 10:05:21,824.98,825.57
2017-04-13 10:05:22,824.98,825.57
2017-04-13 10:05:23,824.98,825.57
2017-04-13 10:05:24,824.98,825.56
2017-04-13 10:05:25,824.99,825.56
2017-04-13 10:05:26,824.99,825.56
2017-04-13 10:05:27,824.99,825.56
2017-04-13 10:05:28,824.99,825.56
2017-04-13 10:05:29,824.99,825.56
2017-04-13 10:05:30,824.99,825.56
2017-04-13 10:05:31,824.99,825.56
2017-04-13 10:05:32,825.01,825.56
2017-04-13 10:05:33,825.01,825.56
2017-04-13 10:05:34,825.01,825.55
2017-04-13 10:05:35,825.01,825.55
2017-04-13 10:05:36,825.01,825.55
2017-04-13 10:05:37,825.01,825.55
2017-04-13 10:05:38,825.01,825.55
2017-04-13 10:05:39,825.01,825.55
2017-04-13 10:05:40,825.01,825.55
2017-04-13 10:05:41,825.02,825.55
2017-04-13 10:05:42,825.02,825.55
2017-04-13 10:05:43,825.02,825.55
2017-04-13 10:05:44,825.02,825.55
2017-04-13 10:05:45,825.06,825.53
2017-04-13 10:05:46,825.06,825.53
2017-04-13 10:05:47,825.06,825.53
2017-04-13 10:05:48,825.06,825.53
2017-04-13 10:05:49,825.06,825.53
2017-04-13 10:05:50,825.06,825.53
2017-04-13 10:05:51,825.06,825.53
2017-04-13 10:05:52,825.06,825.53
2017-04-13 10:05:53,825.06,825.53
2017-04-13 10:05:54,825.06,825.53
2017-04-13 10:05:55,825.06,825.52
2017-04-13 10:05:56,825.06,825.52
2017-04-13 10:05:57,825.06,825.52
2017-04-13 10:05:58,825.06,825.52
2017-04-13 10:05:59,825.06,825.52
2017-04-13 10:06:00,825.07,825.52
2017-04-13 10:06:01,825.07,825.52
2017-04-13 10:06:02,825.07,825.52
2017-04-13 10:06:03,825.07,825.52
2017-04-13 10:06:04,825.09,825.51
2017-04-13 10:06:05,825.09,825.5
2017-04-13 10:06:06,825.09,825.5
2017-04-13 10:06:07,825.09,825.5
2017-04-13 10:06:08,825.28,825.55
2017-04-13 10:06:09,825.28,825.55
2017-04-13 10:06:10,825.31,825.55
2017-04-13 10:06:11,825.32,825.55
2017-04-13 10:06:12,825.32,825.55
2017-04-13 10:06:13,825.32,825.55
2017-04-13 10:06:14,825.32,825.55
2017-04-13 10:06:15,825.32,825.55
2017-04-13 10:06:16,825.32,825.55
2017-04-13 10:06:17,825.32,825.55
2017-04-13 10:06:18,825.57,825.78
2017-04-13 10:06:19,825.57,825.78
2017-04-13 10:06:20,825.02,825.69
2017-04-13 10:06:21,825.32,825.7
2017-04-13 10:06:22,825.32,825.73
2017-04-13 10:06:23,825.32,825.73
2017-04-13 10:06:24,825.32,825.74
2017-04-13 10:06:25,825.32,825.74
2017-04-13 10:06:26,825.32,825.74
2017-04-13 10:06:27,825.32,825.74
2017-04-13 10:06:28,825.32,825.74
2017-04-13 10:06:29,825.32,825.74
2017-04-13 10:06:30,825.32,825.74
2017-04-13 10:06:31,825.32,825.74
2017-04-13 10:06:32,825.32,825.74
2017-04-13 10:06:33,825.32,825.74
2017-04-13 10:06:34,825.32,825.74
2017-04-13 10:06:35,825.32,825.74
2017-04-13 10:06:36,825.32,825.74
2017-04-13 10:06:37,825.32,825.74
2017-04-13 10:06:38,825.32,825.74
2017-04-13 10:06:39,825.32,825.69
2017-04-13 10:06:40,825.32,825.69
2017-04-13 10:06:41,825.32,825.69
2017-04-13 10:06:42,825.32,825.69
2017-04-13 10:06:43,825.32,825.69
2017-04-13 10:06:44,825.32,825.69
2017-04-13 10:06:45,825.1,825.68
2017-04-13 10:06:46,825.1,825.67
2017-04-13 10:06:47,825.08,825.68
2017-04-13 10:06:48,825.08,825.68
2017-04-13 10:06:49,825.08,825.68
2017-04-13 10:06:50,825.08,825.68
2017-04-13 10:06:51,825.09,825.68
2017-04-13 10:06:52,825.09,825.68
2017-04-13 10:06:53,825.09,825.68
2017-04-13 10:06:54,825.09,825.68
2017-04-13 10:06:55,825.09,825.68
2017-04-13 10:06:56,825.09,825.68
2017-04-13 10:06:57,825.09,825.68
2017-04-13 10:06:58,825.09,825.68
2017-04-13 10:06:59,825.09,825.68
2017-04-13 10:07:00,825.09,825.68
2017-04-13 10:07:01,825.09,825.68
2017-04-13 10:07:02,825.11,825.7
2017-04-13 10:07:03,825.11,825.7
2017-04-13 10:07:04,825.11,825.7
2017-04-13 10:07:05,825.11,825.7
2017-04-13 10:07:06,825.11,825.7
2017-04-13 10:07:07,825.41,825.7
2017-04-13 10:07:08,825.41,825.7
2017-04-13 10:07:09,825.41,825.7
2017-04-13 10:07:10,825.41,825.7
2017-04-13 10:07:11,825.41,825.7
2017-04-13 10:07:12,825.42,825.69
2017-04-13 10:07:13,825.42,825.69
2017-04-13 10:07:14,825.42,825.67
2017-04-13 10:07:15,825.42,825.67
2017-04-13 10:07:16,825.01,825.66
2017-04-13 10:07:17,825.01,825.66
2017-04-13 10:07:18,825.02,825.66
2017-04-13 10:07:19,825.02,825.66
2017-04-13 10:07:20,825.03,825.66
2017-04-13 10:07:21,825.03,825.66
2017-04-13 10:07:22,825.04,825.66
2017-04-13 10:07:23,825.03,825.61
2017-04-13 10:07:24,825.03,825.58
2017-04-13 10:07:25,825.03,825.58
2017-04-13 10:07:26,825.03,825.58
2017-04-13 10:07:27,825.03,825.58
2017-04-13 10:07:28,825.03,825.58
2017-04-13 10:07:29,825.03,825.57
2017-04-13 10:07:30,825.03,825.57
2017-04-13 10:07:31,825.07,825.57
2017-04-13 10:07:32,825.07,825.57
2017-04-13 10:07:33,825.08,825.57
2017-04-13 10:07:34,825.08,825.57
2017-04-13 10:07:35,825.08,825.57
2017-04-13 10:07:36,825.09,825.57
2017-04-13 10:07:37,825.09,825.57
2017-04-13 10:07:38,825.08,825.57
2017-04-13 10:07:39,825.08,825.57
2017-04-13 10:07:40,825.08,825.57
2017-04-13 10:07:41,825.11,825.57
2017-04-13 10:07:42,825.11,825.57
2017-04-13 10:07:43,825.11,825.57
2017-04-13 10:07:44,825.11,825.57
2017-04-13 10:07:45,825.11,825.57
2017-04-13 10:07:46,825.11,825.57
2017-04-13 10:07:47,825.11,825.57
2017-04-13 10:07:48,825.11,825.57
2017-04-13 10:07:49,825.14,825.58
2017-04-13 10:07:50,825.14,825.58
2017-04-13 10:07:51,825.14,825.58
2017-04-13 10:07:52,825.14,825.58
2017-04-13 10:07:53,825.14,825.58
2017-04-13 10:07:54,825.14,825.58
2017-04-13 10:07:55,825.14,825.58
2017-04-13 10:07:56,825.14,825.58
2017-04-13 10:07:57,825.14,825.58
2017-04-13 10:07:58,825.14,825.58
2017-04-13 10:07:59,825.14,825.58
2017-04-13 10:08:00,825.14,825.58
2017-04-13 10:08:01,825.14,825.58
2017-04-13 10:08:02,825.14,825.58
2017-04-13 10:08:03,825.14,825.58
2017-04-13 10:08:04,825.14,825.58
2017-04-13 10:08:05,825.14,825.58
2017-04-13 10:08:06,825.14,825.58
2017-04-13 10:08:07,825.14,825.58
2017-04-13 10:08:08,825.14,825.58
2017-04-13 10:08:09,825.14,825.58
2017-04-13 10:08:10,825.14,825.58
2017-04-13 10:08:11,825.14,825.58
2017-04-13 10:08:12,825.14,825.58
2017-04-13 10:08:13,825.14,825.58
2017-04-13 10:08:14,825.14,825.58
2017-04-13 10:08:15,825.14,825.58
2017-04-13 10:08:16,825.14,825.58
2017-04-13 10:08:17,825.14,825.58
2017-04-13 10:08:18,825.14,825.58
2017-04-13 10:08:19,825.14,825.58
2017-04-13 10:08:20,825.14,825.58
2017-04-13 10:08:21,825.14,825.58
2017-04-13 10:08:22,825.14,825.58
2017-04-13 10:08:23,825.14,825.58
2017-04-13 10:08:24,825.14,825.57
2017-04-13 10:08:25,825.14,825.57
2017-04-13 10:08:26,825.14,825.57
2017-04-13 10:08:27,825.19,825.57
2017-04-13 10:08:28,825.22,825.57
2017-04-13 10:08:29,825.22,825.57
2017-04-13 10:08:30,825.26,825.84
2017-04-13 10:08:31,825.5,825.84
2017-04-13 10:08:32,825.5,825.99
2017-04-13 10:08:33,825.54,825.81
2017-04-13 10:08:34,825.54,825.81
2017-04-13 10:08:35,825.54,825.81
2017-04-13 10:08:36,825.54,825.81
2017-04-13 10:08:37,825.54,825.81
2017-04-13 10:08:38,825.54,825.81
2017-04-13 10:08:39,825.54,825.81
2017-04-13 10:08:40,825.54,825.81
2017-04-13 10:08:41,825.54,825.81
2017-04-13 10:08:42,825.54,825.81
2017-04-13 10:08:43,825.54,825.81
2017-04-13 10:08:44,825.54,825.81
2017-04-13 10:08:45,825.65,825.99
2017-04-13 10:08:46,825.7,825.99
2017-04-13 10:08:47,825.7,825.98
2017-04-13 10:08:48,825.7,825.98
2017-04-13 10:08:49,825.7,825.97
2017-04-13 10:08:50,825.7,825.97
2017-04-13 10:08:51,825.7,825.97
2017-04-13 10:08:52,825.7,825.97
2017-04-13 10:08:53,825.7,825.97
2017-04-13 10:08:54,825.7,825.97
2017-04-13 10:08:55,825.7,825.97
2017-04-13 10:08:56,825.7,825.97
2017-04-13 10:08:57,825.7,825.97
2017-04-13 10:08:58,825.49,825.96
2017-04-13 10:08:59,825.51,825.96
2017-04-13 10:09:00,825.51,825.96
2017-04-13 10:09:01,825.51,825.96
2017-04-13 10:09:02,825.51,825.96
2017-04-13 10:09:03,825.51,825.96
2017-04-13 10:09:04,825.51,825.96
2017-04-13 10:09:05,825.51,825.96
2017-04-13 10:09:06,825.51,825.96
2017-04-13 10:09:07,825.52,825.96
2017-04-13 10:09:08,825.6,825.96
2017-04-13 10:09:09,825.6,825.96
2017-04-13 10:09:10,825.6,825.96
2017-04-13 10:09:11,825.6,825.96
2017-04-13 10:09:12,825.6,825.96
2017-04-13 10:09:13,825.6,825.96
2017-04-13 10:09:14,825.6,825.96
2017-04-13 10:09:15,825.6,825.96
2017-04-13 10:09:16,825.6,825.96
2017-04-13 10:09:17,825.52,825.94
2017-04-13 10:09:18,825.52,825.94
2017-04-13 10:09:19,825.52,825.92
2017-04-13 10:09:20,825.52,825.91
2017-04-13 10:09:21,825.52,825.91
2017-04-13 10:09:22,825.52,825.91
2017-04-13 10:09:23,825.52,825.91
2017-04-13 10:09:24,825.52,825.91
2017-04-13 10:09:25,825.52,825.91
2017-04-13 10:09:26,825.52,825.91
2017-04-13 10:09:27,825.55,825.91
2017-04-13 10:09:28,825.6,825.91
2017-04-13 10:09:29,825.61,825.91
2017-04-13 10:09:30,825.62,825.9
2017-04-13 10:09:31,825.61,825.89
2017-04-13 10:09:32,825.53,825.89
2017-04-13 10:09:33,825.56,825.89
2017-04-13 10:09:34,825.61,825.9
2017-04-13 10:09:35,825.68,825.9
2017-04-13 10:09:36,825.61,825.9
2017-04-13 10:09:37,825.53,825.86
2017-04-13 10:09:38,825.54,825.86
2017-04-13 10:09:39,825.54,825.85
2017-04-13 10:09:40,825.54,825.85
2017-04-13 10:09:41,825.54,825.85
2017-04-13 10:09:42,825.54,825.85
2017-04-13 10:09:43,825.54,825.85
2017-04-13 10:09:44,825.09,825.79
2017-04-13 10:09:45,825.09,825.77
2017-04-13 10:09:46,825.09,825.77
2017-04-13 10:09:47,825.09,825.77
2017-04-13 10:09:48,825.13,825.77
2017-04-13 10:09:49,825.13,825.77
2017-04-13 10:09:50,825.13,825.77
2017-04-13 10:09:51,825.13,825.77
2017-04-13 10:09:52,825.16,825.75
2017-04-13 10:09:53,825.16,825.75
2017-04-13 10:09:54,825.17,825.73
2017-04-13 10:09:55,825.17,825.73
2017-04-13 10:09:56,825.17,825.71
2017-04-13 10:09:57,825.19,825.7
2017-04-13 10:09:58,825.19,825.7
2017-04-13 10:09:59,825.19,825.69
2017-04-13 10:10:00,825.18,825.69
2017-04-13 10:10:01,825.18,825.69
2017-04-13 10:10:02,825.18,825.67
2017-04-13 10:10:03,825.18,825.66
2017-04-13 10:10:04,825.18,825.65
2017-04-13 10:10:05,825.18,825.65
2017-04-13 10:10:06,825.18,825.63
2017-04-13 10:10:07,825.18,825.63
2017-04-13 10:10:08,825.18,825.63
2017-04-13 10:10:09,825.18,825.63
2017-04-13 10:10:10,825.18,825.63
2017-04-13 10:10:11,825.18,825.63
2017-04-13 10:10:12,825.19,825.63
2017-04-13 10:10:13,825.19,825.63
2017-04-13 10:10:14,825.19,825.63
2017-04-13 10:10:15,825.19,825.63
2017-04-13 10:10:16,825.19,825.63
2017-04-13 10:10:17,825.19,825.63
2017-04-13 10:10:18,825.19,825.63
2017-04-13 10:10:19,825.19,825.63
2017-04-13 10:10:20,825.21,825.9
2017-04-13 10:10:21,825.23,825.9
2017-04-13 10:10:22,825.24,825.9
2017-04-13 10:10:23,825.24,825.9
2017-04-13 10:10:24,825.24,825.9
2017-04-13 10:10:25,825.25,825.9
2017-04-13 10:10:26,825.25,825.9
2017-04-13 10:10:27,825.25,825.9
2017-04-13 10:10:28,825.25,825.9
2017-04-13 10:10:29,825.25,825.9
2017-04-13 10:10:30,825.25,825.9
2017-04-13 10:10:31,825.26,825.83
2017-04-13 10:10:32,825.27,825.83
2017-04-13 10:10:33,825.29,825.83
2017-04-13 10:10:34,825.29,825.83
2017-04-13 10:10:35,825.3,825.87
2017-04-13 10:10:36,825.3,825.87
2017-04-13 10:10:37,825.31,825.87
2017-04-13 10:10:38,825.32,825.87
2017-04-13 10:10:39,825.35,825.88
2017-04-13 10:10:40,825.35,825.88
2017-04-13 10:10:41,825.37,825.87
2017-04-13 10:10:42,825.38,825.87
2017-04-13 10:10:43,825.43,825.87
2017-04-13 10:10:44,825.44,825.88
2017-04-13 10:10:45,825.45,825.88
2017-04-13 10:10:46,825.46,825.88
2017-04-13 10:10:47,825.46,825.88
2017-04-13 10:10:48,825.49,825.88
2017-04-13 10:10:49,825.49,825.88
2017-04-13 10:10:50,825.62,825.88
2017-04-13 10:10:51,825.62,825.88
2017-04-13 10:10:52,825.62,825.88
2017-04-13 10:10:53,825.62,825.88
2017-04-13 10:10:54,825.62,825.88
2017-04-13 10:10:55,825.62,825.88
2017-04-13 10:10:56,825.63,825.87
2017-04-13 10:10:57,825.19,825.85
2017-04-13 10:10:58,825.19,825.85
2017-04-13 10:10:59,825.19,825.85
2017-04-13 10:11:00,825.19,825.85
2017-04-13 10:11:01,825.19,825.85
2017-04-13 10:11:02,825.19,825.85
2017-04-13 10:11:03,825.19,825.85
2017-04-13 10:11:04,825.19,825.85
2017-04-13 10:11:05,825.19,825.85
2017-04-13 10:11:06,825.19,825.85
2017-04-13 10:11:07,825.19,825.85
2017-04-13 10:11:08,825.19,825.85
2017-04-13 10:11:09,825.21,825.85
2017-04-13 10:11:10,825.21,825.85
2017-04-13 10:11:11,825.21,825.85
2017-04-13 10:11:12,825.21,825.85
2017-04-13 10:11:13,825.21,825.85
2017-04-13 10:11:14,825.21,825.85
2017-04-13 10:11:15,825.21,825.85
2017-04-13 10:11:16,825.24,825.85
2017-04-13 10:11:17,825.24,825.85
2017-04-13 10:11:18,825.24,825.85
2017-04-13 10:11:19,825.24,825.85
2017-04-13 10:11:20,825.24,825.85
2017-04-13 10:11:21,825.25,825.85
2017-04-13 10:11:22,825.26,825.85
2017-04-13 10:11:23,825.27,825.85
2017-04-13 10:11:24,825.27,825.85
2017-04-13 10:11:25,825.27,825.85
2017-04-13 10:11:26,825.27,825.85
2017-04-13 10:11:27,825.27,825.85
2017-04-13 10:11:28,825.27,825.85
2017-04-13 10:11:29,825.27,825.85
2017-04-13 10:11:30,825.29,825.85
2017-04-13 10:11:31,825.29,825.85
2017-04-13 10:11:32,825.29,825.85
2017-04-13 10:11:33,825.29,825.85
2017-04-13 10:11:34,825.3,825.81
2017-04-13 10:11:35,825.3,825.81
2017-04-13 10:11:36,825.3,825.81
2017-04-13 10:11:37,825.31,825.81
2017-04-13 10:11:38,825.31,825.81
2017-04-13 10:11:39,825.32,825.77
2017-04-13 10:11:40,825.31,825.77
2017-04-13 10:11:41,825.31,825.77
2017-04-13 10:11:42,825.31,825.77
2017-04-13 10:11:43,825.31,825.77
2017-04-13 10:11:44,825.31,825.77
2017-04-13 10:11:45,825.31,825.77
2017-04-13 10:11:46,825.31,825.77
2017-04-13 10:11:47,825.31,825.77
2017-04-13 10:11:48,825.33,825.77
2017-04-13 10:11:49,825.33,825.77
2017-04-13 10:11:50,825.33,825.77
2017-04-13 10:11:51,825.33,825.77
2017-04-13 10:11:52,825.33,825.77
2017-04-13 10:11:53,825.33,825.77
2017-04-13 10:11:54,825.33,825.77
2017-04-13 10:11:55,825.33,825.77
2017-04-13 10:11:56,825.33,825.77
2017-04-13 10:11:57,825.33,825.77
2017-04-13 10:11:58,825.33,825.77
2017-04-13 10:11:59,825.33,825.77
2017-04-13 10:12:00,825.33,825.77
2017-04-13 10:12:01,825.33,825.77
2017-04-13 10:12:02,825.33,825.77
2017-04-13 10:12:03,825.33,825.77
2017-04-13 10:12:04,825.33,825.77
2017-04-13 10:12:05,825.33,825.77
2017-04-13 10:12:06,825.33,825.77
2017-04-13 10:12:07,825.33,825.77
2017-04-13 10:12:08,825.33,825.77
2017-04-13 10:12:09,825.33,825.77
2017-04-13 10:12:10,825.33,825.77
2017-04-13 10:12:11,825.33,825.77
2017-04-13 10:12:12,825.33,825.77
2017-04-13 10:12:13,825.49,825.77
2017-04-13 10:12:14,825.51,825.81
2017-04-13 10:12:15,825.51,825.81
2017-04-13 10:12:16,825.51,825.8
2017-04-13 10:12:17,825.26,825.79
2017-04-13 10:12:18,825.3,825.79
2017-04-13 10:12:19,825.3,825.79
2017-04-13 10:12:20,825.3,825.72
2017-04-13 10:12:21,825.3,825.72
2017-04-13 10:12:22,825.31,825.79
2017-04-13 10:12:23,825.31,825.71
2017-04-13 10:12:24,825.31,825.71
2017-04-13 10:12:25,825.31,825.71
2017-04-13 10:12:26,825.31,825.71
2017-04-13 10:12:27,825.31,825.71
2017-04-13 10:12:28,825.31,825.71
2017-04-13 10:12:29,825.31,825.71
2017-04-13 10:12:30,825.31,825.71
2017-04-13 10:12:31,825.31,825.71
2017-04-13 10:12:32,825.31,825.71
2017-04-13 10:12:33,825.31,825.71
2017-04-13 10:12:34,825.31,825.71
2017-04-13 10:12:35,825.31,825.71
2017-04-13 10:12:36,825.31,825.71
2017-04-13 10:12:37,825.31,825.6
2017-04-13 10:12:38,825.31,825.59
2017-04-13 10:12:39,825.31,825.59
2017-04-13 10:12:40,825.32,825.6
2017-04-13 10:12:41,825.32,825.79
2017-04-13 10:12:42,825.34,825.79
2017-04-13 10:12:43,825.34,825.79
2017-04-13 10:12:44,825.34,825.79
2017-04-13 10:12:45,825.34,825.79
2017-04-13 10:12:46,825.47,825.79
2017-04-13 10:12:47,825.34,825.79
2017-04-13 10:12:48,825.34,825.79
2017-04-13 10:12:49,825.34,825.79
2017-04-13 10:12:50,825.34,825.79
2017-04-13 10:12:51,825.34,825.79
2017-04-13 10:12:52,825.34,825.79
2017-04-13 10:12:53,825.34,825.79
2017-04-13 10:12:54,825.35,825.79
2017-04-13 10:12:55,825.5,825.87
2017-04-13 10:12:56,825.35,825.81
2017-04-13 10:12:57,825.35,825.8
2017-04-13 10:12:58,825.35,825.79
2017-04-13 10:12:59,825.4,825.79
2017-04-13 10:13:00,825.4,825.79
2017-04-13 10:13:01,825.4,825.79
2017-04-13 10:13:02,825.4,825.79
2017-04-13 10:13:03,825.4,825.79
2017-04-13 10:13:04,825.4,825.79
2017-04-13 10:13:05,825.4,825.79
2017-04-13 10:13:06,825.4,825.79
2017-04-13 10:13:07,825.4,825.79
2017-04-13 10:13:08,825.4,825.79
2017-04-13 10:13:09,825.4,825.79
2017-04-13 10:13:10,825.4,825.79
2017-04-13 10:13:11,825.4,825.79
2017-04-13 10:13:12,825.4,825.79
2017-04-13 10:13:13,825.4,825.79
2017-04-13 10:13:14,825.4,825.79
2017-04-13 10:13:15,825.4,825.79
2017-04-13 10:13:16,825.47,825.78
2017-04-13 10:13:17,825.47,825.78
2017-04-13 10:13:18,825.47,825.78
2017-04-13 10:13:19,825.47,825.78
2017-04-13 10:13:20,825.47,825.78
2017-04-13 10:13:21,825.47,825.78
2017-04-13 10:13:22,825.47,825.78
2017-04-13 10:13:23,825.47,825.78
2017-04-13 10:13:24,825.47,825.78
2017-04-13 10:13:25,825.47,825.78
2017-04-13 10:13:26,825.47,825.78
2017-04-13 10:13:27,825.47,825.78
2017-04-13 10:13:28,825.47,825.78
2017-04-13 10:13:29,825.47,825.76
2017-04-13 10:13:30,825.47,825.76
2017-04-13 10:13:31,825.47,825.76
2017-04-13 10:13:32,825.47,825.76
2017-04-13 10:13:33,825.47,825.78
2017-04-13 10:13:34,825.47,825.79
2017-04-13 10:13:35,825.47,825.79
2017-04-13 10:13:36,825.47,825.79
2017-04-13 10:13:37,825.47,825.79
2017-04-13 10:13:38,825.47,825.79
2017-04-13 10:13:39,825.47,825.79
2017-04-13 10:13:40,825.47,825.79
2017-04-13 10:13:41,825.47,825.79
2017-04-13 10:13:42,825.47,825.79
2017-04-13 10:13:43,825.47,825.77
2017-04-13 10:13:44,825.47,825.76
2017-04-13 10:13:45,825.47,825.76
2017-04-13 10:13:46,825.47,825.76
2017-04-13 10:13:47,825.47,825.76
2017-04-13 10:13:48,825.47,825.76
2017-04-13 10:13:49,825.47,825.76
2017-04-13 10:13:50,825.47,825.76
2017-04-13 10:13:51,825.5,825.76
2017-04-13 10:13:52,825.5,825.76
2017-04-13 10:13:53,825.5,825.76
2017-04-13 10:13:54,825.5,825.76
2017-04-13 10:13:55,825.4,825.74
2017-04-13 10:13:56,825.31,825.73
2017-04-13 10:13:57,825.28,825.73
2017-04-13 10:13:58,825.28,825.72
2017-04-13 10:13:59,825.28,825.71
2017-04-13 10:14:00,825.28,825.71
2017-04-13 10:14:01,825.26,825.71
2017-04-13 10:14:02,825.28,825.71
2017-04-13 10:14:03,825.28,825.7
2017-04-13 10:14:04,825.28,825.69
2017-04-13 10:14:05,825.28,825.69
2017-04-13 10:14:06,825.28,825.69
2017-04-13 10:14:07,825.28,825.69
2017-04-13 10:14:08,825.28,825.69
2017-04-13 10:14:09,825.28,825.69
2017-04-13 10:14:10,825.28,825.67
2017-04-13 10:14:11,825.28,825.67
2017-04-13 10:14:12,825.28,825.67
2017-04-13 10:14:13,825.28,825.67
2017-04-13 10:14:14,825.28,825.67
2017-04-13 10:14:15,825.28,825.67
2017-04-13 10:14:16,825.28,825.67
2017-04-13 10:14:17,825.28,825.67
2017-04-13 10:14:18,825.28,825.67
2017-04-13 10:14:19,825.28,825.67
2017-04-13 10:14:20,825.28,825.66
2017-04-13 10:14:21,825.28,825.66
2017-04-13 10:14:22,825.28,825.66
2017-04-13 10:14:23,825.28,825.66
2017-04-13 10:14:24,825.28,825.66
2017-04-13 10:14:25,825.28,825.66
2017-04-13 10:14:26,825.28,825.66
2017-04-13 10:14:27,825.28,825.66
2017-04-13 10:14:28,825.28,825.66
2017-04-13 10:14:29,825.05,825.48
2017-04-13 10:14:30,825.05,825.46
2017-04-13 10:14:31,825.05,825.46
2017-04-13 10:14:32,825.05,825.45
2017-04-13 10:14:33,825.05,825.45
2017-04-13 10:14:34,825.05,825.44
2017-04-13 10:14:35,825.05,825.44
2017-04-13 10:14:36,825.05,825.45
2017-04-13 10:14:37,825.05,825.45
2017-04-13 10:14:38,825.05,825.45
2017-04-13 10:14:39,825.05,825.45
2017-04-13 10:14:40,825.05,825.45
2017-04-13 10:14:41,825.05,825.45
2017-04-13 10:14:42,825.05,825.45
2017-04-13 10:14:43,825.09,825.7
2017-04-13 10:14:44,825.09,825.7
2017-04-13 10:14:45,825.09,825.7
2017-04-13 10:14:46,825.1,825.7
2017-04-13 10:14:47,825.1,825.7
2017-04-13 10:14:48,825.1,825.7
2017-04-13 10:14:49,825.1,825.7
2017-04-13 10:14:50,825.1,825.7
2017-04-13 10:14:51,825.15,825.66
2017-04-13 10:14:52,825.15,825.66
2017-04-13 10:14:53,825.15,825.69
2017-04-13 10:14:54,825.15,825.66
2017-04-13 10:14:55,825.15,825.65
2017-04-13 10:14:56,825.15,825.65
2017-04-13 10:14:57,825.15,825.65
2017-04-13 10:14:58,825.15,825.65
2017-04-13 10:14:59,825.15,825.65
2017-04-13 10:15:00,825.15,825.65
2017-04-13 10:15:01,825.2,825.65
2017-04-13 10:15:02,825.2,825.65
2017-04-13 10:15:03,825.21,825.65
2017-04-13 10:15:04,825.21,825.65
2017-04-13 10:15:05,825.21,825.65
2017-04-13 10:15:06,825.21,825.65
2017-04-13 10:15:07,825.21,825.65
2017-04-13 10:15:08,825.21,825.64
2017-04-13 10:15:09,825.4,825.63
2017-04-13 10:15:10,825.4,825.63
2017-04-13 10:15:11,825.4,825.63
2017-04-13 10:15:12,825.4,825.63
2017-04-13 10:15:13,825.41,825.85
2017-04-13 10:15:14,825.41,825.85
2017-04-13 10:15:15,825.41,825.85
2017-04-13 10:15:16,825.41,825.85
2017-04-13 10:15:17,825.41,825.85
2017-04-13 10:15:18,825.41,825.85
2017-04-13 10:15:19,825.41,825.85
2017-04-13 10:15:20,825.41,825.85
2017-04-13 10:15:21,825.41,825.85
2017-04-13 10:15:22,825.41,825.85
2017-04-13 10:15:23,825.41,825.63
2017-04-13 10:15:24,825.41,825.63
2017-04-13 10:15:25,825.12,825.63
2017-04-13 10:15:26,825.12,825.61
2017-04-13 10:15:27,825.12,825.61
2017-04-13 10:15:28,825.12,825.61
2017-04-13 10:15:29,825.12,825.61
2017-04-13 10:15:30,825.12,825.61
2017-04-13 10:15:31,825.12,825.61
2017-04-13 10:15:32,825.12,825.61
2017-04-13 10:15:33,825.12,825.68
2017-04-13 10:15:34,825.12,825.67
2017-04-13 10:15:35,825.12,825.67
2017-04-13 10:15:36,825.32,825.67
2017-04-13 10:15:37,825.32,825.67
2017-04-13 10:15:38,825.32,825.67
2017-04-13 10:15:39,825.32,825.7
2017-04-13 10:15:40,825.32,825.7
2017-04-13 10:15:41,825.32,825.7
2017-04-13 10:15:42,825.32,825.7
2017-04-13 10:15:43,825.32,825.7
2017-04-13 10:15:44,825.32,825.7
2017-04-13 10:15:45,825.32,825.7
2017-04-13 10:15:46,825.32,825.7
2017-04-13 10:15:47,825.32,825.7
2017-04-13 10:15:48,825.32,825.69
2017-04-13 10:15:49,825.32,825.69
2017-04-13 10:15:50,825.32,825.69
2017-04-13 10:15:51,825.32,825.69
2017-04-13 10:15:52,825.32,825.69
2017-04-13 10:15:53,825.32,825.69
2017-04-13 10:15:54,825.32,825.87
2017-04-13 10:15:55,825.32,825.65
2017-04-13 10:15:56,825.32,825.65
2017-04-13 10:15:57,825.32,825.65
2017-04-13 10:15:58,825.32,825.65
2017-04-13 10:15:59,825.32,825.65
2017-04-13 10:16:00,825.32,825.65
2017-04-13 10:16:01,825.32,825.65
2017-04-13 10:16:02,825.32,825.65
2017-04-13 10:16:03,825.32,825.65
2017-04-13 10:16:04,825.32,825.65
2017-04-13 10:16:05,825.32,825.65
2017-04-13 10:16:06,825.33,825.86
2017-04-13 10:16:07,825.33,825.89
2017-04-13 10:16:08,825.33,825.89
2017-04-13 10:16:09,825.34,825.89
2017-04-13 10:16:10,825.34,825.89
2017-04-13 10:16:11,825.34,825.89
2017-04-13 10:16:12,825.34,825.89
2017-04-13 10:16:13,825.34,825.89
2017-04-13 10:16:14,825.34,825.89
2017-04-13 10:16:15,825.34,825.89
2017-04-13 10:16:16,825.34,825.89
2017-04-13 10:16:17,825.34,825.89
2017-04-13 10:16:18,825.34,825.89
2017-04-13 10:16:19,825.34,825.89
2017-04-13 10:16:20,825.34,825.75
2017-04-13 10:16:21,825.34,825.74
2017-04-13 10:16:22,825.35,825.74
2017-04-13 10:16:23,825.35,825.74
2017-04-13 10:16:24,825.35,825.74
2017-04-13 10:16:25,825.35,825.74
2017-04-13 10:16:26,825.35,825.74
2017-04-13 10:16:27,825.35,825.74
2017-04-13 10:16:28,825.35,825.74
2017-04-13 10:16:29,825.35,825.74
2017-04-13 10:16:30,825.35,825.74
2017-04-13 10:16:31,825.35,825.74
2017-04-13 10:16:32,825.35,825.74
2017-04-13 10:16:33,825.35,825.74
2017-04-13 10:16:34,825.35,825.74
2017-04-13 10:16:35,825.35,825.74
2017-04-13 10:16:36,825.35,825.74
2017-04-13 10:16:37,825.35,825.74
2017-04-13 10:16:38,825.35,825.74
2017-04-13 10:16:39,825.35,825.74
2017-04-13 10:16:40,825.35,825.74
2017-04-13 10:16:41,825.35,825.74
2017-04-13 10:16:42,825.35,825.74
2017-04-13 10:16:43,825.35,825.74
2017-04-13 10:16:44,825.35,825.74
2017-04-13 10:16:45,825.35,825.74
2017-04-13 10:16:46,825.35,825.74
2017-04-13 10:16:47,825.35,825.72
2017-04-13 10:16:48,825.35,825.72
2017-04-13 10:16:49,825.35,825.72
2017-04-13 10:16:50,825.35,825.72
2017-04-13 10:16:51,825.35,825.72
2017-04-13 10:16:52,825.36,825.72
2017-04-13 10:16:53,825.36,825.84
2017-04-13 10:16:54,825.36,825.84
2017-04-13 10:16:55,825.36,825.84
2017-04-13 10:16:56,825.37,825.99
2017-04-13 10:16:57,825.42,825.99
2017-04-13 10:16:58,825.43,825.99
2017-04-13 10:16:59,825.44,825.99
2017-04-13 10:17:00,825.69,826.0
2017-04-13 10:17:01,825.7,826.0
2017-04-13 10:17:02,825.7,826.0
2017-04-13 10:17:03,825.7,825.99
2017-04-13 10:17:04,825.7,825.99
2017-04-13 10:17:05,825.7,825.99
2017-04-13 10:17:06,825.7,825.99
2017-04-13 10:17:07,825.7,825.99
2017-04-13 10:17:08,825.7,825.99
2017-04-13 10:17:09,825.7,825.99
2017-04-13 10:17:10,825.7,825.99
2017-04-13 10:17:11,825.7,825.99
2017-04-13 10:17:12,825.7,825.99
2017-04-13 10:17:13,825.7,825.99
2017-04-13 10:17:14,825.7,825.99
2017-04-13 10:17:15,825.7,825.99
2017-04-13 10:17:16,825.7,825.99
2017-04-13 10:17:17,825.7,825.99
2017-04-13 10:17:18,825.7,825.99
2017-04-13 10:17:19,825.7,825.99
2017-04-13 10:17:20,825.71,826.0
2017-04-13 10:17:21,825.71,826.0
2017-04-13 10:17:22,825.71,826.0
2017-04-13 10:17:23,825.71,826.0
2017-04-13 10:17:24,825.92,826.22
2017-04-13 10:17:25,825.95,826.33
2017-04-13 10:17:26,825.96,826.33
2017-04-13 10:17:27,825.96,826.33
2017-04-13 10:17:28,825.96,826.33
2017-04-13 10:17:29,825.96,826.33
2017-04-13 10:17:30,825.96,826.32
2017-04-13 10:17:31,825.96,826.32
2017-04-13 10:17:32,825.96,826.32
2017-04-13 10:17:33,825.96,826.32
2017-04-13 10:17:34,825.96,826.32
2017-04-13 10:17:35,825.96,826.32
2017-04-13 10:17:36,825.96,826.32
2017-04-13 10:17:37,825.96,826.32
2017-04-13 10:17:38,825.96,826.32
2017-04-13 10:17:39,825.96,826.32
2017-04-13 10:17:40,825.96,826.31
2017-04-13 10:17:41,825.96,826.33
2017-04-13 10:17:42,826.0,826.31
2017-04-13 10:17:43,826.0,826.31
2017-04-13 10:17:44,826.0,826.31
2017-04-13 10:17:45,826.0,826.31
2017-04-13 10:17:46,826.01,826.31
2017-04-13 10:17:47,826.01,826.31
2017-04-13 10:17:48,826.01,826.31
2017-04-13 10:17:49,826.01,826.31
2017-04-13 10:17:50,826.01,826.31
2017-04-13 10:17:51,826.02,826.38
2017-04-13 10:17:52,826.02,826.38
2017-04-13 10:17:53,826.04,826.38
2017-04-13 10:17:54,826.06,826.38
2017-04-13 10:17:55,826.06,826.38
2017-04-13 10:17:56,826.06,826.38
2017-04-13 10:17:57,826.06,826.38
2017-04-13 10:17:58,826.06,826.33
2017-04-13 10:17:59,826.06,826.31
2017-04-13 10:18:00,826.06,826.31
2017-04-13 10:18:01,826.06,826.33
2017-04-13 10:18:02,826.1,826.33
2017-04-13 10:18:03,826.1,826.33
2017-04-13 10:18:04,826.1,826.33
2017-04-13 10:18:05,826.1,826.33
2017-04-13 10:18:06,826.1,826.33
2017-04-13 10:18:07,826.1,826.33
2017-04-13 10:18:08,825.62,826.31
2017-04-13 10:18:09,825.63,826.3
2017-04-13 10:18:10,825.63,826.29
2017-04-13 10:18:11,825.63,826.29
2017-04-13 10:18:12,825.63,826.29
2017-04-13 10:18:13,825.63,826.29
2017-04-13 10:18:14,825.64,826.25
2017-04-13 10:18:15,825.64,826.25
2017-04-13 10:18:16,825.65,826.24
2017-04-13 10:18:17,825.65,826.24
2017-04-13 10:18:18,825.65,826.24
2017-04-13 10:18:19,825.65,826.24
2017-04-13 10:18:20,825.65,826.0
2017-04-13 10:18:21,825.65,826.0
2017-04-13 10:18:22,825.65,826.0
2017-04-13 10:18:23,825.65,826.0
2017-04-13 10:18:24,825.65,826.0
2017-04-13 10:18:25,825.65,826.0
2017-04-13 10:18:26,825.65,826.0
2017-04-13 10:18:27,825.65,826.0
2017-04-13 10:18:28,825.65,826.0
2017-04-13 10:18:29,825.65,826.0
2017-04-13 10:18:30,825.65,826.0
2017-04-13 10:18:31,825.65,826.0
2017-04-13 10:18:32,825.65,826.0
2017-04-13 10:18:33,825.65,826.0
2017-04-13 10:18:34,825.65,826.0
2017-04-13 10:18:35,825.65,826.0
2017-04-13 10:18:36,825.65,826.0
2017-04-13 10:18:37,825.65,826.0
2017-04-13 10:18:38,825.65,825.86
2017-04-13 10:18:39,825.65,825.86
2017-04-13 10:18:40,825.65,825.86
2017-04-13 10:18:41,825.65,825.86
2017-04-13 10:18:42,825.65,825.86
2017-04-13 10:18:43,825.66,825.93
2017-04-13 10:18:44,825.66,825.93
2017-04-13 10:18:45,825.66,825.93
2017-04-13 10:18:46,825.66,825.93
2017-04-13 10:18:47,825.66,825.93
2017-04-13 10:18:48,825.66,825.93
2017-04-13 10:18:49,825.66,825.89
2017-04-13 10:18:50,825.66,825.99
2017-04-13 10:18:51,825.66,825.99
2017-04-13 10:18:52,825.66,825.99
2017-04-13 10:18:53,825.66,825.99
2017-04-13 10:18:54,825.66,825.99
2017-04-13 10:18:55,825.66,825.99
2017-04-13 10:18:56,825.66,825.99
2017-04-13 10:18:57,825.66,825.99
2017-04-13 10:18:58,825.66,825.99
2017-04-13 10:18:59,825.66,825.99
2017-04-13 10:19:00,825.66,825.99
2017-04-13 10:19:01,825.66,825.84
2017-04-13 10:19:02,825.66,825.9
2017-04-13 10:19:03,825.66,825.9
2017-04-13 10:19:04,825.66,825.9
2017-04-13 10:19:05,825.66,825.9
2017-04-13 10:19:06,825.66,825.9
2017-04-13 10:19:07,825.66,825.9
2017-04-13 10:19:08,825.66,825.9
2017-04-13 10:19:09,825.66,825.9
2017-04-13 10:19:10,825.66,825.9
2017-04-13 10:19:11,825.66,825.94
2017-04-13 10:19:12,825.67,826.24
2017-04-13 10:19:13,825.67,826.24
2017-04-13 10:19:14,825.76,826.23
2017-04-13 10:19:15,825.76,826.22
2017-04-13 10:19:16,825.76,826.22
2017-04-13 10:19:17,825.76,826.22
2017-04-13 10:19:18,825.76,826.22
2017-04-13 10:19:19,825.76,826.22
2017-04-13 10:19:20,825.76,826.22
2017-04-13 10:19:21,825.76,826.22
2017-04-13 10:19:22,825.76,826.22
2017-04-13 10:19:23,825.76,826.22
2017-04-13 10:19:24,825.76,826.22
2017-04-13 10:19:25,825.76,826.22
2017-04-13 10:19:26,825.76,826.14
2017-04-13 10:19:27,825.76,826.13
2017-04-13 10:19:28,825.76,826.13
2017-04-13 10:19:29,825.76,826.13
2017-04-13 10:19:30,825.76,826.13
2017-04-13 10:19:31,825.76,826.13
