datetime,direct.bid1,direct.ask1
2017-04-13 09:30:00,169.74,170.3
2017-04-13 09:30:01,169.81,170.0
2017-04-13 09:30:02,169.81,170.0
2017-04-13 09:30:03,169.81,169.84
2017-04-13 09:30:04,169.81,169.99
2017-04-13 09:30:05,169.82,169.99
2017-04-13 09:30:06,169.81,169.99
2017-04-13 09:30:07,169.81,169.99
2017-04-13 09:30:08,169.81,169.99
2017-04-13 09:30:09,169.81,169.99
2017-04-13 09:30:10,169.81,169.99
2017-04-13 09:30:11,169.81,169.99
2017-04-13 09:30:12,169.81,169.99
2017-04-13 09:30:13,169.82,169.99
2017-04-13 09:30:14,169.82,169.99
2017-04-13 09:30:15,169.82,169.99
2017-04-13 09:30:16,169.82,169.99
2017-04-13 09:30:17,169.82,169.99
2017-04-13 09:30:18,169.82,169.99
2017-04-13 09:30:19,169.82,169.99
2017-04-13 09:30:20,169.82,169.99
2017-04-13 09:30:21,169.82,169.99
2017-04-13 09:30:22,169.82,169.99
2017-04-13 09:30:23,169.82,169.99
2017-04-13 09:30:24,169.82,169.99
2017-04-13 09:30:25,169.89,169.99
2017-04-13 09:30:26,169.89,169.99
2017-04-13 09:30:27,169.89,169.99
2017-04-13 09:30:28,169.89,169.99
2017-04-13 09:30:29,169.99,170.05
2017-04-13 09:30:30,169.99,170.05
2017-04-13 09:30:31,169.99,170.05
2017-04-13 09:30:32,169.99,170.05
2017-04-13 09:30:33,169.99,170.05
2017-04-13 09:30:34,169.99,170.05
2017-04-13 09:30:35,169.99,170.05
2017-04-13 09:30:36,169.99,170.05
2017-04-13 09:30:37,169.99,170.05
2017-04-13 09:30:38,169.93,170.04
2017-04-13 09:30:39,169.89,170.04
2017-04-13 09:30:40,169.89,170.04
2017-04-13 09:30:41,169.89,170.04
2017-04-13 09:30:42,169.89,170.04
2017-04-13 09:30:43,169.89,170.04
2017-04-13 09:30:44,169.89,170.04
2017-04-13 09:30:45,169.89,170.04
2017-04-13 09:30:46,169.89,170.04
2017-04-13 09:30:47,169.89,170.04
2017-04-13 09:30:48,169.89,170.04
2017-04-13 09:30:49,169.89,170.04
2017-04-13 09:30:50,169.89,170.04
2017-04-13 09:30:51,169.89,170.04
2017-04-13 09:30:52,169.89,170.04
2017-04-13 09:30:53,169.89,170.04
2017-04-13 09:30:54,169.89,170.04
2017-04-13 09:30:55,169.89,170.04
2017-04-13 09:30:56,169.89,170.04
2017-04-13 09:30:57,169.89,170.04
2017-04-13 09:30:58,169.89,170.04
2017-04-13 09:30:59,169.89,170.03
2017-04-13 09:31:00,169.89,170.03
2017-04-13 09:31:01,169.81,169.91
2017-04-13 09:31:02,169.8,169.91
2017-04-13 09:31:03,169.8,169.91
2017-04-13 09:31:04,169.8,169.91
2017-04-13 09:31:05,169.8,169.91
2017-04-13 09:31:06,169.8,169.91
2017-04-13 09:31:07,169.8,169.91
2017-04-13 09:31:08,169.8,169.91
2017-04-13 09:31:09,169.8,169.91
2017-04-13 09:31:10,169.8,169.91
2017-04-13 09:31:11,169.8,169.91
2017-04-13 09:31:12,169.8,169.91
2017-04-13 09:31:13,169.8,169.91
2017-04-13 09:31:14,169.8,169.91
2017-04-13 09:31:15,169.8,169.91
2017-04-13 09:31:16,169.8,169.91
2017-04-13 09:31:17,169.8,169.91
2017-04-13 09:31:18,169.86,170.02
2017-04-13 09:31:19,169.86,170.02
2017-04-13 09:31:20,169.86,170.02
2017-04-13 09:31:21,169.86,170.02
2017-04-13 09:31:22,169.86,170.02
2017-04-13 09:31:23,169.86,170.02
2017-04-13 09:31:24,169.86,170.02
2017-04-13 09:31:25,169.86,170.02
2017-04-13 09:31:26,169.86,170.02
2017-04-13 09:31:27,169.86,170.02
2017-04-13 09:31:28,169.87,170.01
2017-04-13 09:31:29,169.87,170.01
2017-04-13 09:31:30,169.87,170.01
2017-04-13 09:31:31,169.87,170.01
2017-04-13 09:31:32,169.87,170.01
2017-04-13 09:31:33,169.87,170.01
2017-04-13 09:31:34,169.87,170.01
2017-04-13 09:31:35,169.87,170.01
2017-04-13 09:31:36,169.87,170.01
2017-04-13 09:31:37,169.87,170.01
2017-04-13 09:31:38,169.87,170.01
2017-04-13 09:31:39,169.87,170.01
2017-04-13 09:31:40,169.87,170.01
2017-04-13 09:31:41,169.87,170.01
2017-04-13 09:31:42,169.87,170.01
2017-04-13 09:31:43,169.87,170.01
2017-04-13 09:31:44,169.87,170.01
2017-04-13 09:31:45,169.87,170.01
2017-04-13 09:31:46,169.87,170.01
2017-04-13 09:31:47,169.87,170.01
2017-04-13 09:31:48,169.87,170.0
2017-04-13 09:31:49,169.87,170.0
2017-04-13 09:31:50,169.87,170.0
2017-04-13 09:31:51,169.87,170.0
2017-04-13 09:31:52,169.87,170.0
2017-04-13 09:31:53,169.87,170.0
2017-04-13 09:31:54,169.87,170.0
2017-04-13 09:31:55,169.9,170.04
2017-04-13 09:31:56,169.9,170.04
2017-04-13 09:31:57,169.91,170.07
2017-04-13 09:31:58,169.91,170.07
2017-04-13 09:31:59,169.91,170.07
2017-04-13 09:32:00,169.91,170.07
2017-04-13 09:32:01,169.91,170.07
2017-04-13 09:32:02,169.91,170.07
2017-04-13 09:32:03,169.91,170.07
2017-04-13 09:32:04,169.91,170.07
2017-04-13 09:32:05,169.92,170.07
2017-04-13 09:32:06,169.93,170.07
2017-04-13 09:32:07,169.95,170.07
2017-04-13 09:32:08,169.95,170.07
2017-04-13 09:32:09,169.95,170.07
2017-04-13 09:32:10,169.95,170.07
2017-04-13 09:32:11,169.95,170.07
2017-04-13 09:32:12,169.95,170.07
2017-04-13 09:32:13,169.95,170.07
2017-04-13 09:32:14,169.95,170.07
2017-04-13 09:32:15,169.97,170.07
2017-04-13 09:32:16,169.97,170.07
2017-04-13 09:32:17,170.02,170.32
2017-04-13 09:32:18,170.05,170.32
2017-04-13 09:32:19,170.05,170.32
2017-04-13 09:32:20,170.05,170.32
2017-04-13 09:32:21,170.05,170.32
2017-04-13 09:32:22,170.05,170.32
2017-04-13 09:32:23,170.05,170.32
2017-04-13 09:32:24,170.05,170.32
2017-04-13 09:32:25,170.05,170.32
2017-04-13 09:32:26,170.05,170.32
2017-04-13 09:32:27,170.05,170.32
2017-04-13 09:32:28,170.05,170.32
2017-04-13 09:32:29,170.05,170.32
2017-04-13 09:32:30,170.05,170.32
2017-04-13 09:32:31,170.06,170.31
2017-04-13 09:32:32,170.06,170.31
2017-04-13 09:32:33,170.1,170.31
2017-04-13 09:32:34,170.1,170.31
2017-04-13 09:32:35,170.15,170.31
2017-04-13 09:32:36,170.15,170.31
2017-04-13 09:32:37,170.16,170.31
2017-04-13 09:32:38,170.16,170.31
2017-04-13 09:32:39,170.17,170.31
2017-04-13 09:32:40,170.17,170.31
2017-04-13 09:32:41,170.17,170.31
2017-04-13 09:32:42,170.17,170.31
2017-04-13 09:32:43,170.17,170.31
2017-04-13 09:32:44,170.17,170.31
2017-04-13 09:32:45,170.17,170.31
2017-04-13 09:32:46,170.18,170.31
2017-04-13 09:32:47,170.18,170.31
2017-04-13 09:32:48,170.18,170.31
2017-04-13 09:32:49,170.18,170.31
2017-04-13 09:32:50,170.19,170.31
2017-04-13 09:32:51,170.19,170.31
2017-04-13 09:32:52,170.2,170.31
2017-04-13 09:32:53,170.2,170.31
2017-04-13 09:32:54,170.2,170.31
2017-04-13 09:32:55,170.2,170.31
2017-04-13 09:32:56,170.2,170.31
2017-04-13 09:32:57,170.2,170.31
2017-04-13 09:32:58,170.21,170.31
2017-04-13 09:32:59,170.21,170.31
2017-04-13 09:33:00,170.21,170.31
2017-04-13 09:33:01,170.21,170.31
2017-04-13 09:33:02,170.22,170.36
2017-04-13 09:33:03,170.22,170.37
2017-04-13 09:33:04,170.22,170.37
2017-04-13 09:33:05,170.22,170.37
2017-04-13 09:33:06,170.22,170.37
2017-04-13 09:33:07,170.19,170.31
2017-04-13 09:33:08,170.19,170.36
2017-04-13 09:33:09,170.19,170.36
2017-04-13 09:33:10,170.19,170.36
2017-04-13 09:33:11,170.19,170.36
2017-04-13 09:33:12,170.19,170.36
2017-04-13 09:33:13,170.19,170.36
2017-04-13 09:33:14,170.19,170.36
2017-04-13 09:33:15,170.19,170.36
2017-04-13 09:33:16,170.2,170.36
2017-04-13 09:33:17,170.21,170.36
2017-04-13 09:33:18,170.21,170.36
2017-04-13 09:33:19,170.22,170.35
2017-04-13 09:33:20,170.22,170.35
2017-04-13 09:33:21,170.22,170.35
2017-04-13 09:33:22,170.22,170.35
2017-04-13 09:33:23,170.22,170.35
2017-04-13 09:33:24,170.22,170.35
2017-04-13 09:33:25,170.22,170.35
2017-04-13 09:33:26,170.22,170.35
2017-04-13 09:33:27,170.22,170.35
2017-04-13 09:33:28,170.22,170.35
2017-04-13 09:33:29,170.22,170.35
2017-04-13 09:33:30,170.22,170.35
2017-04-13 09:33:31,170.22,170.35
2017-04-13 09:33:32,170.22,170.35
2017-04-13 09:33:33,170.22,170.35
2017-04-13 09:33:34,170.22,170.35
2017-04-13 09:33:35,170.22,170.35
2017-04-13 09:33:36,170.22,170.35
2017-04-13 09:33:37,170.22,170.35
2017-04-13 09:33:38,170.05,170.23
2017-04-13 09:33:39,170.05,170.23
2017-04-13 09:33:40,170.06,170.23
2017-04-13 09:33:41,170.06,170.23
2017-04-13 09:33:42,170.06,170.23
2017-04-13 09:33:43,170.08,170.23
2017-04-13 09:33:44,170.08,170.23
2017-04-13 09:33:45,170.08,170.23
2017-04-13 09:33:46,170.08,170.23
2017-04-13 09:33:47,170.08,170.23
2017-04-13 09:33:48,170.08,170.23
2017-04-13 09:33:49,170.08,170.16
2017-04-13 09:33:50,170.08,170.16
2017-04-13 09:33:51,170.08,170.16
2017-04-13 09:33:52,170.08,170.16
2017-04-13 09:33:53,170.08,170.16
2017-04-13 09:33:54,170.08,170.16
2017-04-13 09:33:55,170.08,170.16
2017-04-13 09:33:56,170.08,170.16
2017-04-13 09:33:57,170.13,170.21
2017-04-13 09:33:58,170.13,170.21
2017-04-13 09:33:59,170.13,170.21
2017-04-13 09:34:00,170.13,170.21
2017-04-13 09:34:01,170.13,170.19
2017-04-13 09:34:02,170.14,170.32
2017-04-13 09:34:03,170.14,170.32
2017-04-13 09:34:04,170.14,170.27
2017-04-13 09:34:05,170.14,170.27
2017-04-13 09:34:06,170.14,170.27
2017-04-13 09:34:07,170.14,170.27
2017-04-13 09:34:08,170.14,170.27
2017-04-13 09:34:09,170.14,170.27
2017-04-13 09:34:10,170.14,170.27
2017-04-13 09:34:11,170.14,170.27
2017-04-13 09:34:12,170.19,170.32
2017-04-13 09:34:13,170.19,170.32
2017-04-13 09:34:14,170.19,170.32
2017-04-13 09:34:15,170.25,170.37
2017-04-13 09:34:16,170.26,170.37
2017-04-13 09:34:17,170.26,170.37
2017-04-13 09:34:18,170.26,170.37
2017-04-13 09:34:19,170.26,170.37
2017-04-13 09:34:20,170.26,170.37
2017-04-13 09:34:21,170.27,170.37
2017-04-13 09:34:22,170.27,170.37
2017-04-13 09:34:23,170.27,170.37
2017-04-13 09:34:24,170.27,170.37
2017-04-13 09:34:25,170.31,170.46
2017-04-13 09:34:26,170.31,170.46
2017-04-13 09:34:27,170.35,170.5
2017-04-13 09:34:28,170.35,170.5
2017-04-13 09:34:29,170.35,170.5
2017-04-13 09:34:30,170.35,170.5
2017-04-13 09:34:31,170.35,170.5
2017-04-13 09:34:32,170.36,170.5
2017-04-13 09:34:33,170.36,170.5
2017-04-13 09:34:34,170.36,170.5
2017-04-13 09:34:35,170.36,170.5
2017-04-13 09:34:36,170.36,170.5
2017-04-13 09:34:37,170.36,170.5
2017-04-13 09:34:38,170.36,170.5
2017-04-13 09:34:39,170.36,170.5
2017-04-13 09:34:40,170.36,170.5
2017-04-13 09:34:41,170.27,170.35
2017-04-13 09:34:42,170.27,170.35
2017-04-13 09:34:43,170.27,170.35
2017-04-13 09:34:44,170.27,170.35
2017-04-13 09:34:45,170.27,170.35
2017-04-13 09:34:46,170.27,170.35
2017-04-13 09:34:47,170.27,170.35
2017-04-13 09:34:48,170.27,170.35
2017-04-13 09:34:49,170.27,170.35
2017-04-13 09:34:50,170.27,170.35
2017-04-13 09:34:51,170.27,170.34
2017-04-13 09:34:52,170.27,170.34
2017-04-13 09:34:53,170.21,170.27
2017-04-13 09:34:54,170.21,170.27
2017-04-13 09:34:55,170.21,170.27
2017-04-13 09:34:56,170.26,170.35
2017-04-13 09:34:57,170.26,170.35
2017-04-13 09:34:58,170.26,170.35
2017-04-13 09:34:59,170.26,170.35
2017-04-13 09:35:00,170.26,170.35
2017-04-13 09:35:01,170.27,170.35
2017-04-13 09:35:02,170.27,170.35
2017-04-13 09:35:03,170.26,170.32
2017-04-13 09:35:04,170.26,170.32
2017-04-13 09:35:05,170.2,170.28
2017-04-13 09:35:06,170.2,170.28
2017-04-13 09:35:07,170.2,170.28
2017-04-13 09:35:08,170.21,170.28
2017-04-13 09:35:09,170.21,170.28
2017-04-13 09:35:10,170.21,170.28
2017-04-13 09:35:11,170.21,170.28
2017-04-13 09:35:12,170.21,170.28
2017-04-13 09:35:13,170.22,170.28
2017-04-13 09:35:14,170.23,170.39
2017-04-13 09:35:15,170.24,170.39
2017-04-13 09:35:16,170.24,170.37
2017-04-13 09:35:17,170.24,170.36
2017-04-13 09:35:18,170.24,170.36
2017-04-13 09:35:19,170.25,170.37
2017-04-13 09:35:20,170.25,170.37
2017-04-13 09:35:21,170.25,170.36
2017-04-13 09:35:22,170.25,170.37
2017-04-13 09:35:23,170.25,170.33
2017-04-13 09:35:24,170.25,170.38
2017-04-13 09:35:25,170.25,170.37
2017-04-13 09:35:26,170.25,170.37
2017-04-13 09:35:27,170.25,170.37
2017-04-13 09:35:28,170.26,170.38
2017-04-13 09:35:29,170.26,170.38
2017-04-13 09:35:30,170.26,170.37
2017-04-13 09:35:31,170.26,170.37
2017-04-13 09:35:32,170.26,170.37
2017-04-13 09:35:33,170.26,170.37
2017-04-13 09:35:34,170.26,170.37
2017-04-13 09:35:35,170.26,170.37
2017-04-13 09:35:36,170.26,170.38
2017-04-13 09:35:37,170.26,170.38
2017-04-13 09:35:38,170.26,170.38
2017-04-13 09:35:39,170.26,170.38
2017-04-13 09:35:40,170.26,170.38
2017-04-13 09:35:41,170.26,170.38
2017-04-13 09:35:42,170.27,170.38
2017-04-13 09:35:43,170.27,170.38
2017-04-13 09:35:44,170.27,170.38
2017-04-13 09:35:45,170.28,170.38
2017-04-13 09:35:46,170.28,170.38
2017-04-13 09:35:47,170.35,170.46
2017-04-13 09:35:48,170.35,170.44
2017-04-13 09:35:49,170.36,170.46
2017-04-13 09:35:50,170.36,170.46
2017-04-13 09:35:51,170.36,170.46
2017-04-13 09:35:52,170.36,170.46
2017-04-13 09:35:53,170.37,170.46
2017-04-13 09:35:54,170.37,170.46
2017-04-13 09:35:55,170.38,170.46
2017-04-13 09:35:56,170.38,170.46
2017-04-13 09:35:57,170.38,170.46
2017-04-13 09:35:58,170.38,170.46
2017-04-13 09:35:59,170.38,170.46
2017-04-13 09:36:00,170.38,170.46
2017-04-13 09:36:01,170.38,170.46
2017-04-13 09:36:02,170.38,170.46
2017-04-13 09:36:03,170.38,170.46
2017-04-13 09:36:04,170.38,170.46
2017-04-13 09:36:05,170.38,170.46
2017-04-13 09:36:06,170.41,170.5
2017-04-13 09:36:07,170.41,170.5
2017-04-13 09:36:08,170.41,170.5
2017-04-13 09:36:09,170.41,170.5
2017-04-13 09:36:10,170.41,170.5
2017-04-13 09:36:11,170.41,170.5
2017-04-13 09:36:12,170.41,170.46
2017-04-13 09:36:13,170.41,170.46
2017-04-13 09:36:14,170.41,170.46
2017-04-13 09:36:15,170.3,170.39
2017-04-13 09:36:16,170.32,170.39
2017-04-13 09:36:17,170.32,170.39
2017-04-13 09:36:18,170.32,170.39
2017-04-13 09:36:19,170.32,170.39
2017-04-13 09:36:20,170.32,170.39
2017-04-13 09:36:21,170.32,170.39
2017-04-13 09:36:22,170.32,170.39
2017-04-13 09:36:23,170.32,170.39
2017-04-13 09:36:24,170.36,170.44
2017-04-13 09:36:25,170.36,170.44
2017-04-13 09:36:26,170.36,170.44
2017-04-13 09:36:27,170.36,170.44
2017-04-13 09:36:28,170.36,170.44
2017-04-13 09:36:29,170.38,170.49
2017-04-13 09:36:30,170.38,170.5
2017-04-13 09:36:31,170.38,170.5
2017-04-13 09:36:32,170.38,170.5
2017-04-13 09:36:33,170.38,170.5
2017-04-13 09:36:34,170.39,170.5
2017-04-13 09:36:35,170.43,170.57
2017-04-13 09:36:36,170.43,170.57
2017-04-13 09:36:37,170.43,170.57
2017-04-13 09:36:38,170.44,170.57
2017-04-13 09:36:39,170.44,170.57
2017-04-13 09:36:40,170.44,170.57
2017-04-13 09:36:41,170.44,170.57
2017-04-13 09:36:42,170.44,170.57
2017-04-13 09:36:43,170.44,170.57
2017-04-13 09:36:44,170.44,170.57
2017-04-13 09:36:45,170.44,170.57
2017-04-13 09:36:46,170.44,170.57
2017-04-13 09:36:47,170.44,170.57
2017-04-13 09:36:48,170.44,170.57
2017-04-13 09:36:49,170.44,170.57
2017-04-13 09:36:50,170.38,170.5
2017-04-13 09:36:51,170.38,170.5
2017-04-13 09:36:52,170.38,170.5
2017-04-13 09:36:53,170.26,170.34
2017-04-13 09:36:54,170.26,170.34
2017-04-13 09:36:55,170.28,170.34
2017-04-13 09:36:56,170.25,170.31
2017-04-13 09:36:57,170.28,170.38
2017-04-13 09:36:58,170.28,170.38
2017-04-13 09:36:59,170.29,170.43
2017-04-13 09:37:00,170.3,170.43
2017-04-13 09:37:01,170.31,170.43
2017-04-13 09:37:02,170.31,170.43
2017-04-13 09:37:03,170.31,170.43
2017-04-13 09:37:04,170.31,170.43
2017-04-13 09:37:05,170.31,170.43
2017-04-13 09:37:06,170.31,170.43
2017-04-13 09:37:07,170.31,170.43
2017-04-13 09:37:08,170.31,170.43
2017-04-13 09:37:09,170.31,170.43
2017-04-13 09:37:10,170.31,170.43
2017-04-13 09:37:11,170.31,170.43
2017-04-13 09:37:12,170.31,170.43
2017-04-13 09:37:13,170.31,170.43
2017-04-13 09:37:14,170.31,170.43
2017-04-13 09:37:15,170.31,170.43
2017-04-13 09:37:16,170.37,170.49
2017-04-13 09:37:17,170.37,170.49
2017-04-13 09:37:18,170.39,170.49
2017-04-13 09:37:19,170.39,170.49
2017-04-13 09:37:20,170.39,170.49
2017-04-13 09:37:21,170.39,170.49
2017-04-13 09:37:22,170.39,170.49
2017-04-13 09:37:23,170.39,170.49
2017-04-13 09:37:24,170.39,170.46
2017-04-13 09:37:25,170.39,170.48
2017-04-13 09:37:26,170.39,170.48
2017-04-13 09:37:27,170.39,170.49
2017-04-13 09:37:28,170.39,170.49
2017-04-13 09:37:29,170.38,170.47
2017-04-13 09:37:30,170.38,170.47
2017-04-13 09:37:31,170.38,170.47
2017-04-13 09:37:32,170.38,170.48
2017-04-13 09:37:33,170.38,170.48
2017-04-13 09:37:34,170.38,170.48
2017-04-13 09:37:35,170.38,170.48
2017-04-13 09:37:36,170.38,170.48
2017-04-13 09:37:37,170.38,170.49
2017-04-13 09:37:38,170.39,170.49
2017-04-13 09:37:39,170.39,170.49
2017-04-13 09:37:40,170.39,170.49
2017-04-13 09:37:41,170.38,170.48
2017-04-13 09:37:42,170.39,170.48
2017-04-13 09:37:43,170.39,170.49
2017-04-13 09:37:44,170.39,170.49
2017-04-13 09:37:45,170.39,170.49
2017-04-13 09:37:46,170.39,170.49
2017-04-13 09:37:47,170.39,170.49
2017-04-13 09:37:48,170.39,170.49
2017-04-13 09:37:49,170.41,170.49
2017-04-13 09:37:50,170.41,170.49
2017-04-13 09:37:51,170.43,170.49
2017-04-13 09:37:52,170.43,170.49
2017-04-13 09:37:53,170.44,170.49
2017-04-13 09:37:54,170.43,170.47
2017-04-13 09:37:55,170.43,170.49
2017-04-13 09:37:56,170.43,170.49
2017-04-13 09:37:57,170.43,170.49
2017-04-13 09:37:58,170.43,170.49
2017-04-13 09:37:59,170.43,170.49
2017-04-13 09:38:00,170.43,170.49
2017-04-13 09:38:01,170.43,170.49
2017-04-13 09:38:02,170.43,170.49
2017-04-13 09:38:03,170.43,170.49
2017-04-13 09:38:04,170.43,170.49
2017-04-13 09:38:05,170.43,170.49
2017-04-13 09:38:06,170.43,170.49
2017-04-13 09:38:07,170.43,170.49
2017-04-13 09:38:08,170.43,170.49
2017-04-13 09:38:09,170.43,170.49
2017-04-13 09:38:10,170.43,170.49
2017-04-13 09:38:11,170.39,170.48
2017-04-13 09:38:12,170.39,170.48
2017-04-13 09:38:13,170.39,170.48
2017-04-13 09:38:14,170.39,170.48
2017-04-13 09:38:15,170.39,170.48
2017-04-13 09:38:16,170.39,170.48
2017-04-13 09:38:17,170.39,170.48
2017-04-13 09:38:18,170.39,170.48
2017-04-13 09:38:19,170.39,170.48
2017-04-13 09:38:20,170.39,170.48
2017-04-13 09:38:21,170.39,170.48
2017-04-13 09:38:22,170.4,170.48
2017-04-13 09:38:23,170.4,170.48
2017-04-13 09:38:24,170.41,170.48
2017-04-13 09:38:25,170.42,170.48
2017-04-13 09:38:26,170.42,170.48
2017-04-13 09:38:27,170.42,170.48
2017-04-13 09:38:28,170.42,170.48
2017-04-13 09:38:29,170.42,170.48
2017-04-13 09:38:30,170.42,170.48
2017-04-13 09:38:31,170.43,170.48
2017-04-13 09:38:32,170.48,170.51
2017-04-13 09:38:33,170.48,170.52
2017-04-13 09:38:34,170.48,170.52
2017-04-13 09:38:35,170.48,170.52
2017-04-13 09:38:36,170.48,170.52
2017-04-13 09:38:37,170.48,170.52
2017-04-13 09:38:38,170.48,170.52
2017-04-13 09:38:39,170.48,170.52
2017-04-13 09:38:40,170.46,170.56
2017-04-13 09:38:41,170.42,170.5
2017-04-13 09:38:42,170.39,170.45
2017-04-13 09:38:43,170.39,170.45
2017-04-13 09:38:44,170.39,170.45
2017-04-13 09:38:45,170.39,170.45
2017-04-13 09:38:46,170.39,170.45
2017-04-13 09:38:47,170.39,170.45
2017-04-13 09:38:48,170.39,170.45
2017-04-13 09:38:49,170.39,170.45
2017-04-13 09:38:50,170.39,170.45
2017-04-13 09:38:51,170.4,170.45
2017-04-13 09:38:52,170.4,170.45
2017-04-13 09:38:53,170.4,170.45
2017-04-13 09:38:54,170.41,170.5
2017-04-13 09:38:55,170.41,170.5
2017-04-13 09:38:56,170.5,170.57
2017-04-13 09:38:57,170.49,170.54
2017-04-13 09:38:58,170.49,170.54
2017-04-13 09:38:59,170.49,170.54
2017-04-13 09:39:00,170.46,170.54
2017-04-13 09:39:01,170.46,170.54
2017-04-13 09:39:02,170.46,170.54
2017-04-13 09:39:03,170.47,170.54
2017-04-13 09:39:04,170.47,170.54
2017-04-13 09:39:05,170.47,170.54
2017-04-13 09:39:06,170.48,170.54
2017-04-13 09:39:07,170.48,170.54
2017-04-13 09:39:08,170.48,170.54
2017-04-13 09:39:09,170.48,170.54
2017-04-13 09:39:10,170.48,170.54
2017-04-13 09:39:11,170.48,170.54
2017-04-13 09:39:12,170.48,170.54
2017-04-13 09:39:13,170.48,170.52
2017-04-13 09:39:14,170.47,170.52
2017-04-13 09:39:15,170.47,170.52
2017-04-13 09:39:16,170.48,170.52
2017-04-13 09:39:17,170.48,170.53
2017-04-13 09:39:18,170.48,170.53
2017-04-13 09:39:19,170.48,170.53
2017-04-13 09:39:20,170.49,170.62
2017-04-13 09:39:21,170.49,170.61
2017-04-13 09:39:22,170.49,170.61
2017-04-13 09:39:23,170.49,170.62
2017-04-13 09:39:24,170.49,170.62
2017-04-13 09:39:25,170.49,170.62
2017-04-13 09:39:26,170.49,170.62
2017-04-13 09:39:27,170.49,170.62
2017-04-13 09:39:28,170.49,170.62
2017-04-13 09:39:29,170.49,170.62
2017-04-13 09:39:30,170.49,170.61
2017-04-13 09:39:31,170.49,170.61
2017-04-13 09:39:32,170.49,170.61
2017-04-13 09:39:33,170.49,170.6
2017-04-13 09:39:34,170.49,170.6
2017-04-13 09:39:35,170.5,170.6
2017-04-13 09:39:36,170.5,170.6
2017-04-13 09:39:37,170.5,170.6
2017-04-13 09:39:38,170.5,170.6
2017-04-13 09:39:39,170.5,170.6
2017-04-13 09:39:40,170.5,170.6
2017-04-13 09:39:41,170.51,170.6
2017-04-13 09:39:42,170.51,170.6
2017-04-13 09:39:43,170.51,170.6
2017-04-13 09:39:44,170.52,170.6
2017-04-13 09:39:45,170.52,170.6
2017-04-13 09:39:46,170.52,170.6
2017-04-13 09:39:47,170.53,170.6
2017-04-13 09:39:48,170.53,170.59
2017-04-13 09:39:49,170.53,170.6
2017-04-13 09:39:50,170.53,170.6
2017-04-13 09:39:51,170.53,170.6
2017-04-13 09:39:52,170.53,170.6
2017-04-13 09:39:53,170.53,170.6
2017-04-13 09:39:54,170.53,170.6
2017-04-13 09:39:55,170.53,170.6
2017-04-13 09:39:56,170.53,170.6
2017-04-13 09:39:57,170.54,170.6
2017-04-13 09:39:58,170.53,170.6
2017-04-13 09:39:59,170.48,170.58
2017-04-13 09:40:00,170.48,170.58
2017-04-13 09:40:01,170.49,170.58
2017-04-13 09:40:02,170.49,170.58
2017-04-13 09:40:03,170.49,170.58
2017-04-13 09:40:04,170.51,170.58
2017-04-13 09:40:05,170.51,170.58
2017-04-13 09:40:06,170.51,170.58
2017-04-13 09:40:07,170.51,170.56
2017-04-13 09:40:08,170.53,170.62
2017-04-13 09:40:09,170.53,170.62
2017-04-13 09:40:10,170.53,170.62
2017-04-13 09:40:11,170.53,170.62
2017-04-13 09:40:12,170.53,170.62
2017-04-13 09:40:13,170.53,170.62
2017-04-13 09:40:14,170.53,170.62
2017-04-13 09:40:15,170.53,170.62
2017-04-13 09:40:16,170.53,170.62
2017-04-13 09:40:17,170.54,170.61
2017-04-13 09:40:18,170.54,170.62
2017-04-13 09:40:19,170.54,170.62
2017-04-13 09:40:20,170.53,170.58
2017-04-13 09:40:21,170.51,170.58
2017-04-13 09:40:22,170.51,170.58
2017-04-13 09:40:23,170.51,170.58
2017-04-13 09:40:24,170.51,170.58
2017-04-13 09:40:25,170.51,170.58
2017-04-13 09:40:26,170.51,170.58
2017-04-13 09:40:27,170.51,170.58
2017-04-13 09:40:28,170.51,170.58
2017-04-13 09:40:29,170.51,170.58
2017-04-13 09:40:30,170.51,170.58
2017-04-13 09:40:31,170.51,170.58
2017-04-13 09:40:32,170.52,170.58
2017-04-13 09:40:33,170.52,170.58
2017-04-13 09:40:34,170.52,170.58
2017-04-13 09:40:35,170.52,170.58
2017-04-13 09:40:36,170.52,170.58
2017-04-13 09:40:37,170.52,170.58
2017-04-13 09:40:38,170.52,170.58
2017-04-13 09:40:39,170.52,170.58
2017-04-13 09:40:40,170.52,170.58
2017-04-13 09:40:41,170.52,170.58
2017-04-13 09:40:42,170.52,170.58
2017-04-13 09:40:43,170.52,170.58
2017-04-13 09:40:44,170.47,170.5
2017-04-13 09:40:45,170.5,170.54
2017-04-13 09:40:46,170.5,170.54
2017-04-13 09:40:47,170.5,170.54
2017-04-13 09:40:48,170.5,170.54
2017-04-13 09:40:49,170.52,170.61
2017-04-13 09:40:50,170.52,170.61
2017-04-13 09:40:51,170.52,170.6
2017-04-13 09:40:52,170.52,170.6
2017-04-13 09:40:53,170.52,170.61
2017-04-13 09:40:54,170.52,170.6
2017-04-13 09:40:55,170.52,170.6
2017-04-13 09:40:56,170.53,170.61
2017-04-13 09:40:57,170.52,170.6
2017-04-13 09:40:58,170.52,170.6
2017-04-13 09:40:59,170.52,170.6
2017-04-13 09:41:00,170.52,170.6
2017-04-13 09:41:01,170.52,170.6
2017-04-13 09:41:02,170.52,170.6
2017-04-13 09:41:03,170.52,170.6
2017-04-13 09:41:04,170.53,170.6
2017-04-13 09:41:05,170.53,170.6
2017-04-13 09:41:06,170.53,170.6
2017-04-13 09:41:07,170.54,170.6
2017-04-13 09:41:08,170.54,170.6
2017-04-13 09:41:09,170.54,170.6
2017-04-13 09:41:10,170.54,170.6
2017-04-13 09:41:11,170.56,170.6
2017-04-13 09:41:12,170.52,170.59
2017-04-13 09:41:13,170.52,170.59
2017-04-13 09:41:14,170.52,170.59
2017-04-13 09:41:15,170.52,170.59
2017-04-13 09:41:16,170.52,170.59
2017-04-13 09:41:17,170.52,170.59
2017-04-13 09:41:18,170.52,170.59
2017-04-13 09:41:19,170.52,170.59
2017-04-13 09:41:20,170.52,170.59
2017-04-13 09:41:21,170.52,170.59
2017-04-13 09:41:22,170.52,170.59
2017-04-13 09:41:23,170.52,170.59
2017-04-13 09:41:24,170.52,170.59
2017-04-13 09:41:25,170.52,170.59
2017-04-13 09:41:26,170.52,170.59
2017-04-13 09:41:27,170.52,170.59
2017-04-13 09:41:28,170.52,170.59
2017-04-13 09:41:29,170.52,170.59
2017-04-13 09:41:30,170.52,170.59
2017-04-13 09:41:31,170.52,170.59
2017-04-13 09:41:32,170.52,170.59
2017-04-13 09:41:33,170.52,170.59
2017-04-13 09:41:34,170.52,170.59
2017-04-13 09:41:35,170.52,170.59
2017-04-13 09:41:36,170.52,170.59
2017-04-13 09:41:37,170.52,170.59
2017-04-13 09:41:38,170.53,170.58
2017-04-13 09:41:39,170.53,170.58
2017-04-13 09:41:40,170.53,170.58
2017-04-13 09:41:41,170.53,170.58
2017-04-13 09:41:42,170.53,170.58
2017-04-13 09:41:43,170.53,170.58
2017-04-13 09:41:44,170.53,170.58
2017-04-13 09:41:45,170.53,170.58
2017-04-13 09:41:46,170.53,170.58
2017-04-13 09:41:47,170.53,170.58
2017-04-13 09:41:48,170.54,170.58
2017-04-13 09:41:49,170.54,170.58
2017-04-13 09:41:50,170.54,170.58
2017-04-13 09:41:51,170.59,170.65
2017-04-13 09:41:52,170.6,170.64
2017-04-13 09:41:53,170.6,170.64
2017-04-13 09:41:54,170.61,170.64
2017-04-13 09:41:55,170.61,170.64
2017-04-13 09:41:56,170.61,170.65
2017-04-13 09:41:57,170.6,170.63
2017-04-13 09:41:58,170.63,170.69
2017-04-13 09:41:59,170.61,170.68
2017-04-13 09:42:00,170.61,170.68
2017-04-13 09:42:01,170.61,170.68
2017-04-13 09:42:02,170.61,170.69
2017-04-13 09:42:03,170.61,170.69
2017-04-13 09:42:04,170.61,170.69
2017-04-13 09:42:05,170.61,170.69
2017-04-13 09:42:06,170.61,170.69
2017-04-13 09:42:07,170.61,170.69
2017-04-13 09:42:08,170.61,170.69
2017-04-13 09:42:09,170.61,170.69
2017-04-13 09:42:10,170.61,170.69
2017-04-13 09:42:11,170.61,170.69
2017-04-13 09:42:12,170.61,170.69
2017-04-13 09:42:13,170.61,170.69
2017-04-13 09:42:14,170.61,170.69
2017-04-13 09:42:15,170.61,170.69
2017-04-13 09:42:16,170.61,170.7
2017-04-13 09:42:17,170.61,170.7
2017-04-13 09:42:18,170.61,170.7
2017-04-13 09:42:19,170.61,170.69
2017-04-13 09:42:20,170.61,170.69
2017-04-13 09:42:21,170.61,170.69
2017-04-13 09:42:22,170.61,170.69
2017-04-13 09:42:23,170.61,170.69
2017-04-13 09:42:24,170.61,170.69
2017-04-13 09:42:25,170.61,170.69
2017-04-13 09:42:26,170.61,170.69
2017-04-13 09:42:27,170.61,170.68
2017-04-13 09:42:28,170.61,170.68
2017-04-13 09:42:29,170.61,170.68
2017-04-13 09:42:30,170.61,170.68
2017-04-13 09:42:31,170.61,170.66
2017-04-13 09:42:32,170.61,170.66
2017-04-13 09:42:33,170.61,170.66
2017-04-13 09:42:34,170.61,170.66
2017-04-13 09:42:35,170.61,170.66
2017-04-13 09:42:36,170.56,170.62
2017-04-13 09:42:37,170.56,170.6
2017-04-13 09:42:38,170.57,170.6
2017-04-13 09:42:39,170.58,170.63
2017-04-13 09:42:40,170.58,170.64
2017-04-13 09:42:41,170.58,170.64
2017-04-13 09:42:42,170.58,170.64
2017-04-13 09:42:43,170.6,170.7
2017-04-13 09:42:44,170.6,170.7
2017-04-13 09:42:45,170.6,170.7
2017-04-13 09:42:46,170.6,170.7
2017-04-13 09:42:47,170.6,170.7
2017-04-13 09:42:48,170.6,170.7
2017-04-13 09:42:49,170.6,170.7
2017-04-13 09:42:50,170.6,170.7
2017-04-13 09:42:51,170.6,170.7
2017-04-13 09:42:52,170.6,170.7
2017-04-13 09:42:53,170.6,170.7
2017-04-13 09:42:54,170.6,170.7
2017-04-13 09:42:55,170.6,170.7
2017-04-13 09:42:56,170.6,170.7
2017-04-13 09:42:57,170.65,170.7
2017-04-13 09:42:58,170.65,170.7
2017-04-13 09:42:59,170.65,170.7
2017-04-13 09:43:00,170.65,170.71
2017-04-13 09:43:01,170.65,170.72
2017-04-13 09:43:02,170.65,170.71
2017-04-13 09:43:03,170.65,170.72
2017-04-13 09:43:04,170.65,170.71
2017-04-13 09:43:05,170.65,170.72
2017-04-13 09:43:06,170.65,170.7
2017-04-13 09:43:07,170.65,170.71
2017-04-13 09:43:08,170.65,170.71
2017-04-13 09:43:09,170.65,170.72
2017-04-13 09:43:10,170.65,170.72
2017-04-13 09:43:11,170.65,170.71
2017-04-13 09:43:12,170.65,170.71
2017-04-13 09:43:13,170.65,170.71
2017-04-13 09:43:14,170.65,170.71
2017-04-13 09:43:15,170.6,170.69
2017-04-13 09:43:16,170.6,170.69
2017-04-13 09:43:17,170.6,170.69
2017-04-13 09:43:18,170.61,170.69
2017-04-13 09:43:19,170.61,170.69
2017-04-13 09:43:20,170.61,170.69
2017-04-13 09:43:21,170.61,170.69
2017-04-13 09:43:22,170.61,170.69
2017-04-13 09:43:23,170.62,170.68
2017-04-13 09:43:24,170.62,170.68
2017-04-13 09:43:25,170.62,170.68
2017-04-13 09:43:26,170.62,170.68
2017-04-13 09:43:27,170.59,170.66
2017-04-13 09:43:28,170.59,170.66
2017-04-13 09:43:29,170.59,170.66
2017-04-13 09:43:30,170.59,170.65
2017-04-13 09:43:31,170.6,170.65
2017-04-13 09:43:32,170.62,170.65
2017-04-13 09:43:33,170.62,170.65
2017-04-13 09:43:34,170.62,170.66
2017-04-13 09:43:35,170.62,170.66
2017-04-13 09:43:36,170.62,170.66
2017-04-13 09:43:37,170.64,170.69
2017-04-13 09:43:38,170.64,170.69
2017-04-13 09:43:39,170.64,170.69
2017-04-13 09:43:40,170.64,170.69
2017-04-13 09:43:41,170.65,170.69
2017-04-13 09:43:42,170.6,170.7
2017-04-13 09:43:43,170.6,170.69
2017-04-13 09:43:44,170.62,170.69
2017-04-13 09:43:45,170.62,170.69
2017-04-13 09:43:46,170.62,170.69
2017-04-13 09:43:47,170.62,170.69
2017-04-13 09:43:48,170.62,170.69
2017-04-13 09:43:49,170.59,170.65
2017-04-13 09:43:50,170.59,170.65
2017-04-13 09:43:51,170.59,170.65
2017-04-13 09:43:52,170.59,170.65
2017-04-13 09:43:53,170.59,170.65
2017-04-13 09:43:54,170.59,170.65
2017-04-13 09:43:55,170.59,170.65
2017-04-13 09:43:56,170.59,170.65
2017-04-13 09:43:57,170.59,170.65
2017-04-13 09:43:58,170.59,170.65
2017-04-13 09:43:59,170.59,170.65
2017-04-13 09:44:00,170.59,170.65
2017-04-13 09:44:01,170.59,170.65
2017-04-13 09:44:02,170.6,170.65
2017-04-13 09:44:03,170.59,170.63
2017-04-13 09:44:04,170.59,170.63
2017-04-13 09:44:05,170.59,170.62
2017-04-13 09:44:06,170.59,170.62
2017-04-13 09:44:07,170.59,170.66
2017-04-13 09:44:08,170.59,170.66
2017-04-13 09:44:09,170.59,170.66
2017-04-13 09:44:10,170.59,170.66
2017-04-13 09:44:11,170.59,170.66
2017-04-13 09:44:12,170.59,170.66
2017-04-13 09:44:13,170.59,170.66
2017-04-13 09:44:14,170.59,170.66
2017-04-13 09:44:15,170.59,170.66
2017-04-13 09:44:16,170.59,170.66
2017-04-13 09:44:17,170.59,170.66
2017-04-13 09:44:18,170.59,170.66
2017-04-13 09:44:19,170.59,170.64
2017-04-13 09:44:20,170.59,170.64
2017-04-13 09:44:21,170.59,170.64
2017-04-13 09:44:22,170.59,170.64
2017-04-13 09:44:23,170.62,170.71
2017-04-13 09:44:24,170.6,170.71
2017-04-13 09:44:25,170.61,170.71
2017-04-13 09:44:26,170.62,170.73
2017-04-13 09:44:27,170.62,170.73
2017-04-13 09:44:28,170.62,170.73
2017-04-13 09:44:29,170.62,170.72
2017-04-13 09:44:30,170.62,170.72
2017-04-13 09:44:31,170.62,170.72
2017-04-13 09:44:32,170.62,170.72
2017-04-13 09:44:33,170.62,170.69
2017-04-13 09:44:34,170.61,170.69
2017-04-13 09:44:35,170.61,170.69
2017-04-13 09:44:36,170.61,170.69
2017-04-13 09:44:37,170.61,170.69
2017-04-13 09:44:38,170.61,170.69
2017-04-13 09:44:39,170.6,170.68
2017-04-13 09:44:40,170.6,170.68
2017-04-13 09:44:41,170.6,170.66
2017-04-13 09:44:42,170.6,170.66
2017-04-13 09:44:43,170.6,170.66
2017-04-13 09:44:44,170.61,170.68
2017-04-13 09:44:45,170.61,170.68
2017-04-13 09:44:46,170.61,170.68
2017-04-13 09:44:47,170.61,170.68
2017-04-13 09:44:48,170.61,170.68
2017-04-13 09:44:49,170.61,170.68
2017-04-13 09:44:50,170.61,170.68
2017-04-13 09:44:51,170.61,170.68
2017-04-13 09:44:52,170.61,170.69
2017-04-13 09:44:53,170.61,170.69
2017-04-13 09:44:54,170.62,170.69
2017-04-13 09:44:55,170.62,170.69
2017-04-13 09:44:56,170.62,170.69
2017-04-13 09:44:57,170.62,170.69
2017-04-13 09:44:58,170.62,170.69
2017-04-13 09:44:59,170.62,170.69
2017-04-13 09:45:00,170.62,170.69
2017-04-13 09:45:01,170.62,170.69
2017-04-13 09:45:02,170.6,170.67
2017-04-13 09:45:03,170.6,170.67
2017-04-13 09:45:04,170.6,170.67
2017-04-13 09:45:05,170.6,170.67
2017-04-13 09:45:06,170.6,170.67
2017-04-13 09:45:07,170.6,170.67
2017-04-13 09:45:08,170.6,170.64
2017-04-13 09:45:09,170.54,170.6
2017-04-13 09:45:10,170.54,170.6
2017-04-13 09:45:11,170.54,170.6
2017-04-13 09:45:12,170.55,170.64
2017-04-13 09:45:13,170.55,170.64
2017-04-13 09:45:14,170.55,170.64
2017-04-13 09:45:15,170.55,170.64
2017-04-13 09:45:16,170.55,170.64
2017-04-13 09:45:17,170.55,170.64
2017-04-13 09:45:18,170.55,170.64
2017-04-13 09:45:19,170.55,170.64
2017-04-13 09:45:20,170.55,170.64
2017-04-13 09:45:21,170.55,170.64
2017-04-13 09:45:22,170.55,170.64
2017-04-13 09:45:23,170.56,170.64
2017-04-13 09:45:24,170.56,170.64
2017-04-13 09:45:25,170.56,170.64
2017-04-13 09:45:26,170.56,170.64
2017-04-13 09:45:27,170.59,170.69
2017-04-13 09:45:28,170.59,170.69
2017-04-13 09:45:29,170.59,170.68
2017-04-13 09:45:30,170.59,170.68
2017-04-13 09:45:31,170.59,170.68
2017-04-13 09:45:32,170.59,170.68
2017-04-13 09:45:33,170.59,170.68
2017-04-13 09:45:34,170.59,170.68
2017-04-13 09:45:35,170.59,170.68
2017-04-13 09:45:36,170.6,170.69
2017-04-13 09:45:37,170.6,170.71
2017-04-13 09:45:38,170.6,170.69
2017-04-13 09:45:39,170.6,170.69
2017-04-13 09:45:40,170.6,170.69
2017-04-13 09:45:41,170.6,170.69
2017-04-13 09:45:42,170.6,170.69
2017-04-13 09:45:43,170.6,170.69
2017-04-13 09:45:44,170.6,170.69
2017-04-13 09:45:45,170.6,170.69
2017-04-13 09:45:46,170.6,170.69
2017-04-13 09:45:47,170.6,170.69
2017-04-13 09:45:48,170.6,170.68
2017-04-13 09:45:49,170.6,170.68
2017-04-13 09:45:50,170.6,170.68
2017-04-13 09:45:51,170.6,170.67
2017-04-13 09:45:52,170.6,170.68
2017-04-13 09:45:53,170.6,170.66
2017-04-13 09:45:54,170.6,170.66
2017-04-13 09:45:55,170.61,170.66
2017-04-13 09:45:56,170.61,170.66
2017-04-13 09:45:57,170.61,170.66
2017-04-13 09:45:58,170.64,170.69
2017-04-13 09:45:59,170.64,170.69
2017-04-13 09:46:00,170.64,170.69
2017-04-13 09:46:01,170.64,170.7
2017-04-13 09:46:02,170.64,170.69
2017-04-13 09:46:03,170.64,170.69
2017-04-13 09:46:04,170.64,170.7
2017-04-13 09:46:05,170.64,170.69
2017-04-13 09:46:06,170.64,170.69
2017-04-13 09:46:07,170.64,170.69
2017-04-13 09:46:08,170.64,170.69
2017-04-13 09:46:09,170.64,170.69
2017-04-13 09:46:10,170.7,170.74
2017-04-13 09:46:11,170.7,170.74
2017-04-13 09:46:12,170.7,170.74
2017-04-13 09:46:13,170.7,170.74
2017-04-13 09:46:14,170.66,170.73
2017-04-13 09:46:15,170.64,170.72
2017-04-13 09:46:16,170.64,170.72
2017-04-13 09:46:17,170.64,170.72
2017-04-13 09:46:18,170.64,170.72
2017-04-13 09:46:19,170.64,170.72
2017-04-13 09:46:20,170.64,170.72
2017-04-13 09:46:21,170.64,170.72
2017-04-13 09:46:22,170.65,170.72
2017-04-13 09:46:23,170.65,170.72
2017-04-13 09:46:24,170.64,170.72
2017-04-13 09:46:25,170.64,170.72
2017-04-13 09:46:26,170.64,170.72
2017-04-13 09:46:27,170.64,170.72
2017-04-13 09:46:28,170.64,170.72
2017-04-13 09:46:29,170.64,170.72
2017-04-13 09:46:30,170.64,170.72
2017-04-13 09:46:31,170.65,170.72
2017-04-13 09:46:32,170.65,170.72
2017-04-13 09:46:33,170.65,170.72
2017-04-13 09:46:34,170.65,170.72
2017-04-13 09:46:35,170.66,170.72
2017-04-13 09:46:36,170.66,170.72
2017-04-13 09:46:37,170.66,170.72
2017-04-13 09:46:38,170.66,170.71
2017-04-13 09:46:39,170.66,170.71
2017-04-13 09:46:40,170.66,170.71
2017-04-13 09:46:41,170.66,170.71
2017-04-13 09:46:42,170.66,170.71
2017-04-13 09:46:43,170.6,170.65
2017-04-13 09:46:44,170.6,170.68
2017-04-13 09:46:45,170.6,170.65
2017-04-13 09:46:46,170.6,170.65
2017-04-13 09:46:47,170.62,170.65
2017-04-13 09:46:48,170.6,170.65
2017-04-13 09:46:49,170.61,170.65
2017-04-13 09:46:50,170.6,170.65
2017-04-13 09:46:51,170.6,170.65
2017-04-13 09:46:52,170.6,170.65
2017-04-13 09:46:53,170.6,170.65
2017-04-13 09:46:54,170.6,170.65
2017-04-13 09:46:55,170.6,170.65
2017-04-13 09:46:56,170.6,170.65
2017-04-13 09:46:57,170.6,170.65
2017-04-13 09:46:58,170.61,170.65
2017-04-13 09:46:59,170.61,170.65
2017-04-13 09:47:00,170.61,170.65
2017-04-13 09:47:01,170.61,170.65
2017-04-13 09:47:02,170.59,170.62
2017-04-13 09:47:03,170.58,170.63
2017-04-13 09:47:04,170.58,170.63
2017-04-13 09:47:05,170.58,170.63
2017-04-13 09:47:06,170.58,170.63
2017-04-13 09:47:07,170.58,170.63
2017-04-13 09:47:08,170.58,170.63
2017-04-13 09:47:09,170.63,170.66
2017-04-13 09:47:10,170.63,170.66
2017-04-13 09:47:11,170.63,170.7
2017-04-13 09:47:12,170.63,170.7
2017-04-13 09:47:13,170.63,170.7
2017-04-13 09:47:14,170.63,170.7
2017-04-13 09:47:15,170.63,170.7
2017-04-13 09:47:16,170.63,170.7
2017-04-13 09:47:17,170.63,170.7
2017-04-13 09:47:18,170.63,170.7
2017-04-13 09:47:19,170.63,170.7
2017-04-13 09:47:20,170.63,170.7
2017-04-13 09:47:21,170.63,170.7
2017-04-13 09:47:22,170.63,170.7
2017-04-13 09:47:23,170.63,170.7
2017-04-13 09:47:24,170.63,170.7
2017-04-13 09:47:25,170.63,170.69
2017-04-13 09:47:26,170.63,170.68
2017-04-13 09:47:27,170.63,170.68
2017-04-13 09:47:28,170.63,170.66
2017-04-13 09:47:29,170.61,170.64
2017-04-13 09:47:30,170.61,170.64
2017-04-13 09:47:31,170.61,170.64
2017-04-13 09:47:32,170.61,170.64
2017-04-13 09:47:33,170.61,170.64
2017-04-13 09:47:34,170.61,170.64
2017-04-13 09:47:35,170.61,170.64
2017-04-13 09:47:36,170.61,170.64
2017-04-13 09:47:37,170.61,170.64
2017-04-13 09:47:38,170.61,170.64
2017-04-13 09:47:39,170.61,170.64
2017-04-13 09:47:40,170.61,170.64
2017-04-13 09:47:41,170.61,170.64
2017-04-13 09:47:42,170.61,170.63
2017-04-13 09:47:43,170.61,170.64
2017-04-13 09:47:44,170.61,170.64
2017-04-13 09:47:45,170.61,170.64
2017-04-13 09:47:46,170.61,170.64
2017-04-13 09:47:47,170.61,170.64
2017-04-13 09:47:48,170.61,170.64
2017-04-13 09:47:49,170.61,170.64
2017-04-13 09:47:50,170.61,170.64
2017-04-13 09:47:51,170.61,170.64
2017-04-13 09:47:52,170.61,170.64
2017-04-13 09:47:53,170.61,170.64
2017-04-13 09:47:54,170.61,170.64
2017-04-13 09:47:55,170.59,170.62
2017-04-13 09:47:56,170.59,170.62
2017-04-13 09:47:57,170.59,170.62
2017-04-13 09:47:58,170.59,170.61
2017-04-13 09:47:59,170.58,170.61
2017-04-13 09:48:00,170.59,170.61
2017-04-13 09:48:01,170.58,170.61
2017-04-13 09:48:02,170.58,170.61
2017-04-13 09:48:03,170.58,170.61
2017-04-13 09:48:04,170.58,170.61
2017-04-13 09:48:05,170.58,170.61
2017-04-13 09:48:06,170.58,170.61
2017-04-13 09:48:07,170.58,170.61
2017-04-13 09:48:08,170.59,170.64
2017-04-13 09:48:09,170.6,170.64
2017-04-13 09:48:10,170.6,170.64
2017-04-13 09:48:11,170.6,170.64
2017-04-13 09:48:12,170.6,170.64
2017-04-13 09:48:13,170.61,170.67
2017-04-13 09:48:14,170.61,170.71
2017-04-13 09:48:15,170.61,170.71
2017-04-13 09:48:16,170.62,170.7
2017-04-13 09:48:17,170.62,170.7
2017-04-13 09:48:18,170.62,170.67
2017-04-13 09:48:19,170.61,170.67
2017-04-13 09:48:20,170.61,170.67
2017-04-13 09:48:21,170.61,170.67
2017-04-13 09:48:22,170.61,170.67
2017-04-13 09:48:23,170.61,170.67
2017-04-13 09:48:24,170.62,170.67
2017-04-13 09:48:25,170.62,170.67
2017-04-13 09:48:26,170.61,170.67
2017-04-13 09:48:27,170.61,170.67
2017-04-13 09:48:28,170.61,170.66
2017-04-13 09:48:29,170.62,170.67
2017-04-13 09:48:30,170.61,170.67
2017-04-13 09:48:31,170.61,170.67
2017-04-13 09:48:32,170.61,170.67
2017-04-13 09:48:33,170.61,170.67
2017-04-13 09:48:34,170.61,170.67
2017-04-13 09:48:35,170.61,170.67
2017-04-13 09:48:36,170.61,170.67
2017-04-13 09:48:37,170.61,170.67
2017-04-13 09:48:38,170.61,170.67
2017-04-13 09:48:39,170.62,170.67
2017-04-13 09:48:40,170.61,170.67
2017-04-13 09:48:41,170.61,170.67
2017-04-13 09:48:42,170.61,170.67
2017-04-13 09:48:43,170.61,170.67
2017-04-13 09:48:44,170.61,170.66
2017-04-13 09:48:45,170.61,170.65
2017-04-13 09:48:46,170.61,170.65
2017-04-13 09:48:47,170.61,170.65
2017-04-13 09:48:48,170.61,170.65
2017-04-13 09:48:49,170.65,170.71
2017-04-13 09:48:50,170.65,170.71
2017-04-13 09:48:51,170.65,170.71
2017-04-13 09:48:52,170.65,170.71
2017-04-13 09:48:53,170.65,170.71
2017-04-13 09:48:54,170.65,170.69
2017-04-13 09:48:55,170.6,170.67
2017-04-13 09:48:56,170.61,170.69
2017-04-13 09:48:57,170.61,170.69
2017-04-13 09:48:58,170.61,170.69
2017-04-13 09:48:59,170.61,170.65
2017-04-13 09:49:00,170.61,170.65
2017-04-13 09:49:01,170.6,170.64
2017-04-13 09:49:02,170.6,170.64
2017-04-13 09:49:03,170.6,170.64
2017-04-13 09:49:04,170.6,170.64
2017-04-13 09:49:05,170.6,170.63
2017-04-13 09:49:06,170.6,170.63
2017-04-13 09:49:07,170.6,170.63
2017-04-13 09:49:08,170.6,170.62
2017-04-13 09:49:09,170.56,170.6
2017-04-13 09:49:10,170.56,170.6
2017-04-13 09:49:11,170.56,170.6
2017-04-13 09:49:12,170.56,170.6
2017-04-13 09:49:13,170.56,170.6
2017-04-13 09:49:14,170.56,170.6
2017-04-13 09:49:15,170.56,170.6
2017-04-13 09:49:16,170.56,170.6
2017-04-13 09:49:17,170.56,170.6
2017-04-13 09:49:18,170.56,170.6
2017-04-13 09:49:19,170.56,170.6
2017-04-13 09:49:20,170.56,170.6
2017-04-13 09:49:21,170.56,170.6
2017-04-13 09:49:22,170.56,170.6
2017-04-13 09:49:23,170.56,170.6
2017-04-13 09:49:24,170.56,170.6
2017-04-13 09:49:25,170.56,170.6
2017-04-13 09:49:26,170.56,170.6
2017-04-13 09:49:27,170.56,170.6
2017-04-13 09:49:28,170.56,170.6
2017-04-13 09:49:29,170.56,170.6
2017-04-13 09:49:30,170.56,170.6
2017-04-13 09:49:31,170.56,170.6
2017-04-13 09:49:32,170.56,170.6
2017-04-13 09:49:33,170.56,170.6
2017-04-13 09:49:34,170.56,170.6
2017-04-13 09:49:35,170.56,170.6
2017-04-13 09:49:36,170.56,170.6
2017-04-13 09:49:37,170.56,170.6
2017-04-13 09:49:38,170.56,170.6
2017-04-13 09:49:39,170.56,170.59
2017-04-13 09:49:40,170.56,170.59
2017-04-13 09:49:41,170.56,170.59
2017-04-13 09:49:42,170.56,170.59
2017-04-13 09:49:43,170.55,170.58
2017-04-13 09:49:44,170.55,170.58
2017-04-13 09:49:45,170.55,170.57
2017-04-13 09:49:46,170.57,170.61
2017-04-13 09:49:47,170.57,170.61
2017-04-13 09:49:48,170.57,170.69
2017-04-13 09:49:49,170.57,170.68
2017-04-13 09:49:50,170.57,170.68
2017-04-13 09:49:51,170.57,170.68
2017-04-13 09:49:52,170.57,170.68
2017-04-13 09:49:53,170.57,170.68
2017-04-13 09:49:54,170.57,170.68
2017-04-13 09:49:55,170.57,170.68
2017-04-13 09:49:56,170.57,170.68
2017-04-13 09:49:57,170.57,170.68
2017-04-13 09:49:58,170.57,170.68
2017-04-13 09:49:59,170.57,170.68
2017-04-13 09:50:00,170.57,170.68
2017-04-13 09:50:01,170.57,170.68
2017-04-13 09:50:02,170.57,170.68
2017-04-13 09:50:03,170.57,170.68
2017-04-13 09:50:04,170.57,170.67
2017-04-13 09:50:05,170.57,170.67
2017-04-13 09:50:06,170.57,170.65
2017-04-13 09:50:07,170.53,170.56
2017-04-13 09:50:08,170.53,170.59
2017-04-13 09:50:09,170.53,170.6
2017-04-13 09:50:10,170.53,170.6
2017-04-13 09:50:11,170.56,170.61
2017-04-13 09:50:12,170.56,170.61
2017-04-13 09:50:13,170.56,170.61
2017-04-13 09:50:14,170.56,170.61
2017-04-13 09:50:15,170.56,170.61
2017-04-13 09:50:16,170.56,170.61
2017-04-13 09:50:17,170.56,170.6
2017-04-13 09:50:18,170.56,170.6
2017-04-13 09:50:19,170.56,170.6
2017-04-13 09:50:20,170.56,170.6
2017-04-13 09:50:21,170.56,170.6
2017-04-13 09:50:22,170.56,170.6
2017-04-13 09:50:23,170.56,170.6
2017-04-13 09:50:24,170.56,170.6
2017-04-13 09:50:25,170.56,170.6
2017-04-13 09:50:26,170.56,170.6
2017-04-13 09:50:27,170.56,170.6
2017-04-13 09:50:28,170.56,170.6
2017-04-13 09:50:29,170.56,170.6
2017-04-13 09:50:30,170.56,170.6
2017-04-13 09:50:31,170.56,170.6
2017-04-13 09:50:32,170.56,170.6
2017-04-13 09:50:33,170.56,170.6
2017-04-13 09:50:34,170.56,170.6
2017-04-13 09:50:35,170.56,170.6
2017-04-13 09:50:36,170.56,170.6
2017-04-13 09:50:37,170.56,170.6
2017-04-13 09:50:38,170.56,170.6
2017-04-13 09:50:39,170.56,170.6
2017-04-13 09:50:40,170.56,170.6
2017-04-13 09:50:41,170.56,170.6
2017-04-13 09:50:42,170.56,170.6
2017-04-13 09:50:43,170.56,170.6
2017-04-13 09:50:44,170.56,170.6
2017-04-13 09:50:45,170.56,170.6
2017-04-13 09:50:46,170.56,170.6
2017-04-13 09:50:47,170.56,170.6
2017-04-13 09:50:48,170.56,170.6
2017-04-13 09:50:49,170.56,170.6
2017-04-13 09:50:50,170.57,170.67
2017-04-13 09:50:51,170.57,170.67
2017-04-13 09:50:52,170.57,170.67
2017-04-13 09:50:53,170.57,170.67
2017-04-13 09:50:54,170.57,170.67
2017-04-13 09:50:55,170.57,170.67
2017-04-13 09:50:56,170.57,170.67
2017-04-13 09:50:57,170.57,170.67
2017-04-13 09:50:58,170.57,170.67
2017-04-13 09:50:59,170.58,170.67
2017-04-13 09:51:00,170.58,170.67
2017-04-13 09:51:01,170.58,170.67
2017-04-13 09:51:02,170.61,170.67
2017-04-13 09:51:03,170.61,170.65
2017-04-13 09:51:04,170.61,170.65
2017-04-13 09:51:05,170.61,170.67
2017-04-13 09:51:06,170.62,170.67
2017-04-13 09:51:07,170.62,170.67
2017-04-13 09:51:08,170.62,170.67
2017-04-13 09:51:09,170.62,170.67
2017-04-13 09:51:10,170.62,170.67
2017-04-13 09:51:11,170.62,170.67
2017-04-13 09:51:12,170.62,170.67
2017-04-13 09:51:13,170.62,170.67
2017-04-13 09:51:14,170.72,170.79
2017-04-13 09:51:15,170.72,170.79
2017-04-13 09:51:16,170.76,170.81
2017-04-13 09:51:17,170.73,170.78
2017-04-13 09:51:18,170.74,170.82
2017-04-13 09:51:19,170.74,170.82
2017-04-13 09:51:20,170.74,170.82
2017-04-13 09:51:21,170.74,170.82
2017-04-13 09:51:22,170.74,170.79
2017-04-13 09:51:23,170.72,170.78
2017-04-13 09:51:24,170.72,170.78
2017-04-13 09:51:25,170.72,170.78
2017-04-13 09:51:26,170.79,170.9
2017-04-13 09:51:27,170.82,170.9
2017-04-13 09:51:28,170.83,170.9
2017-04-13 09:51:29,170.83,170.9
2017-04-13 09:51:30,170.83,170.9
2017-04-13 09:51:31,170.83,170.9
2017-04-13 09:51:32,170.83,170.9
2017-04-13 09:51:33,170.84,170.9
2017-04-13 09:51:34,170.83,170.9
2017-04-13 09:51:35,170.83,170.89
2017-04-13 09:51:36,170.82,170.89
2017-04-13 09:51:37,170.82,170.89
2017-04-13 09:51:38,170.82,170.89
2017-04-13 09:51:39,170.82,170.89
2017-04-13 09:51:40,170.82,170.89
2017-04-13 09:51:41,170.82,170.89
2017-04-13 09:51:42,170.82,170.89
2017-04-13 09:51:43,170.82,170.89
2017-04-13 09:51:44,170.82,170.89
2017-04-13 09:51:45,170.83,170.89
2017-04-13 09:51:46,170.83,170.87
2017-04-13 09:51:47,170.83,170.87
2017-04-13 09:51:48,170.83,170.87
2017-04-13 09:51:49,170.83,170.87
2017-04-13 09:51:50,170.83,170.87
2017-04-13 09:51:51,170.83,170.87
2017-04-13 09:51:52,170.83,170.87
2017-04-13 09:51:53,170.83,170.87
2017-04-13 09:51:54,170.83,170.87
2017-04-13 09:51:55,170.83,170.87
2017-04-13 09:51:56,170.83,170.87
2017-04-13 09:51:57,170.83,170.87
2017-04-13 09:51:58,170.83,170.87
2017-04-13 09:51:59,170.83,170.87
2017-04-13 09:52:00,170.83,170.87
2017-04-13 09:52:01,170.83,170.87
2017-04-13 09:52:02,170.83,170.87
2017-04-13 09:52:03,170.83,170.87
2017-04-13 09:52:04,170.83,170.87
2017-04-13 09:52:05,170.83,170.87
2017-04-13 09:52:06,170.83,170.87
2017-04-13 09:52:07,170.83,170.87
2017-04-13 09:52:08,170.83,170.87
2017-04-13 09:52:09,170.83,170.87
2017-04-13 09:52:10,170.78,170.85
2017-04-13 09:52:11,170.78,170.85
2017-04-13 09:52:12,170.78,170.85
2017-04-13 09:52:13,170.78,170.85
2017-04-13 09:52:14,170.79,170.85
2017-04-13 09:52:15,170.79,170.85
2017-04-13 09:52:16,170.79,170.85
2017-04-13 09:52:17,170.79,170.85
2017-04-13 09:52:18,170.79,170.85
2017-04-13 09:52:19,170.8,170.85
2017-04-13 09:52:20,170.79,170.85
2017-04-13 09:52:21,170.8,170.88
2017-04-13 09:52:22,170.8,170.88
2017-04-13 09:52:23,170.8,170.88
2017-04-13 09:52:24,170.8,170.88
2017-04-13 09:52:25,170.8,170.88
2017-04-13 09:52:26,170.8,170.88
2017-04-13 09:52:27,170.8,170.88
2017-04-13 09:52:28,170.8,170.88
2017-04-13 09:52:29,170.8,170.88
2017-04-13 09:52:30,170.8,170.88
2017-04-13 09:52:31,170.8,170.88
2017-04-13 09:52:32,170.8,170.88
2017-04-13 09:52:33,170.8,170.88
2017-04-13 09:52:34,170.8,170.88
2017-04-13 09:52:35,170.8,170.87
2017-04-13 09:52:36,170.75,170.82
2017-04-13 09:52:37,170.78,170.82
2017-04-13 09:52:38,170.78,170.82
2017-04-13 09:52:39,170.77,170.82
2017-04-13 09:52:40,170.75,170.8
2017-04-13 09:52:41,170.75,170.8
2017-04-13 09:52:42,170.77,170.8
2017-04-13 09:52:43,170.77,170.8
2017-04-13 09:52:44,170.72,170.77
2017-04-13 09:52:45,170.72,170.83
2017-04-13 09:52:46,170.73,170.78
2017-04-13 09:52:47,170.75,170.78
2017-04-13 09:52:48,170.75,170.78
2017-04-13 09:52:49,170.75,170.78
2017-04-13 09:52:50,170.75,170.78
2017-04-13 09:52:51,170.75,170.78
2017-04-13 09:52:52,170.75,170.78
2017-04-13 09:52:53,170.75,170.78
2017-04-13 09:52:54,170.75,170.78
2017-04-13 09:52:55,170.75,170.78
2017-04-13 09:52:56,170.75,170.78
2017-04-13 09:52:57,170.78,170.85
2017-04-13 09:52:58,170.76,170.85
2017-04-13 09:52:59,170.78,170.85
2017-04-13 09:53:00,170.78,170.85
2017-04-13 09:53:01,170.77,170.85
2017-04-13 09:53:02,170.77,170.84
2017-04-13 09:53:03,170.71,170.75
2017-04-13 09:53:04,170.71,170.75
2017-04-13 09:53:05,170.71,170.75
2017-04-13 09:53:06,170.67,170.72
2017-04-13 09:53:07,170.61,170.66
2017-04-13 09:53:08,170.63,170.74
2017-04-13 09:53:09,170.63,170.74
2017-04-13 09:53:10,170.64,170.74
2017-04-13 09:53:11,170.65,170.74
2017-04-13 09:53:12,170.65,170.73
2017-04-13 09:53:13,170.65,170.73
2017-04-13 09:53:14,170.65,170.73
2017-04-13 09:53:15,170.65,170.72
2017-04-13 09:53:16,170.63,170.71
2017-04-13 09:53:17,170.63,170.71
2017-04-13 09:53:18,170.64,170.71
2017-04-13 09:53:19,170.64,170.71
2017-04-13 09:53:20,170.64,170.71
2017-04-13 09:53:21,170.64,170.71
2017-04-13 09:53:22,170.64,170.71
2017-04-13 09:53:23,170.64,170.71
2017-04-13 09:53:24,170.64,170.71
2017-04-13 09:53:25,170.64,170.71
2017-04-13 09:53:26,170.64,170.71
2017-04-13 09:53:27,170.64,170.71
2017-04-13 09:53:28,170.64,170.71
2017-04-13 09:53:29,170.64,170.7
2017-04-13 09:53:30,170.64,170.7
2017-04-13 09:53:31,170.64,170.7
2017-04-13 09:53:32,170.65,170.7
2017-04-13 09:53:33,170.64,170.7
2017-04-13 09:53:34,170.64,170.7
2017-04-13 09:53:35,170.64,170.7
2017-04-13 09:53:36,170.64,170.7
2017-04-13 09:53:37,170.64,170.7
2017-04-13 09:53:38,170.64,170.7
2017-04-13 09:53:39,170.64,170.7
2017-04-13 09:53:40,170.64,170.69
2017-04-13 09:53:41,170.64,170.69
2017-04-13 09:53:42,170.64,170.69
2017-04-13 09:53:43,170.64,170.69
2017-04-13 09:53:44,170.64,170.69
2017-04-13 09:53:45,170.64,170.69
2017-04-13 09:53:46,170.64,170.69
2017-04-13 09:53:47,170.64,170.68
2017-04-13 09:53:48,170.64,170.68
2017-04-13 09:53:49,170.64,170.68
2017-04-13 09:53:50,170.64,170.68
2017-04-13 09:53:51,170.64,170.68
2017-04-13 09:53:52,170.64,170.68
2017-04-13 09:53:53,170.64,170.68
2017-04-13 09:53:54,170.64,170.68
2017-04-13 09:53:55,170.64,170.71
2017-04-13 09:53:56,170.64,170.71
2017-04-13 09:53:57,170.64,170.71
2017-04-13 09:53:58,170.64,170.71
2017-04-13 09:53:59,170.64,170.71
2017-04-13 09:54:00,170.64,170.71
2017-04-13 09:54:01,170.64,170.7
2017-04-13 09:54:02,170.64,170.7
2017-04-13 09:54:03,170.63,170.67
2017-04-13 09:54:04,170.63,170.68
2017-04-13 09:54:05,170.57,170.62
2017-04-13 09:54:06,170.57,170.62
2017-04-13 09:54:07,170.57,170.62
2017-04-13 09:54:08,170.57,170.62
2017-04-13 09:54:09,170.58,170.64
2017-04-13 09:54:10,170.59,170.64
2017-04-13 09:54:11,170.59,170.64
2017-04-13 09:54:12,170.59,170.63
2017-04-13 09:54:13,170.58,170.63
2017-04-13 09:54:14,170.59,170.63
2017-04-13 09:54:15,170.58,170.63
2017-04-13 09:54:16,170.59,170.63
2017-04-13 09:54:17,170.58,170.63
2017-04-13 09:54:18,170.58,170.63
2017-04-13 09:54:19,170.59,170.63
2017-04-13 09:54:20,170.58,170.63
2017-04-13 09:54:21,170.58,170.63
2017-04-13 09:54:22,170.58,170.63
2017-04-13 09:54:23,170.58,170.63
2017-04-13 09:54:24,170.58,170.63
2017-04-13 09:54:25,170.64,170.74
2017-04-13 09:54:26,170.64,170.74
2017-04-13 09:54:27,170.64,170.74
2017-04-13 09:54:28,170.64,170.74
2017-04-13 09:54:29,170.65,170.72
2017-04-13 09:54:30,170.63,170.72
2017-04-13 09:54:31,170.63,170.72
2017-04-13 09:54:32,170.63,170.72
2017-04-13 09:54:33,170.63,170.72
2017-04-13 09:54:34,170.63,170.72
2017-04-13 09:54:35,170.63,170.72
2017-04-13 09:54:36,170.63,170.72
2017-04-13 09:54:37,170.63,170.72
2017-04-13 09:54:38,170.63,170.72
2017-04-13 09:54:39,170.63,170.72
2017-04-13 09:54:40,170.63,170.72
2017-04-13 09:54:41,170.63,170.72
2017-04-13 09:54:42,170.63,170.72
2017-04-13 09:54:43,170.63,170.72
2017-04-13 09:54:44,170.63,170.72
2017-04-13 09:54:45,170.63,170.72
2017-04-13 09:54:46,170.63,170.72
2017-04-13 09:54:47,170.63,170.72
2017-04-13 09:54:48,170.63,170.72
2017-04-13 09:54:49,170.63,170.72
2017-04-13 09:54:50,170.63,170.72
2017-04-13 09:54:51,170.63,170.72
2017-04-13 09:54:52,170.63,170.71
2017-04-13 09:54:53,170.63,170.71
2017-04-13 09:54:54,170.63,170.69
2017-04-13 09:54:55,170.63,170.69
2017-04-13 09:54:56,170.63,170.68
2017-04-13 09:54:57,170.63,170.68
2017-04-13 09:54:58,170.62,170.66
2017-04-13 09:54:59,170.62,170.66
2017-04-13 09:55:00,170.62,170.66
2017-04-13 09:55:01,170.62,170.66
2017-04-13 09:55:02,170.62,170.66
2017-04-13 09:55:03,170.62,170.66
2017-04-13 09:55:04,170.62,170.66
2017-04-13 09:55:05,170.62,170.66
2017-04-13 09:55:06,170.66,170.68
2017-04-13 09:55:07,170.64,170.69
2017-04-13 09:55:08,170.64,170.69
2017-04-13 09:55:09,170.64,170.69
2017-04-13 09:55:10,170.64,170.69
2017-04-13 09:55:11,170.64,170.69
2017-04-13 09:55:12,170.64,170.69
2017-04-13 09:55:13,170.67,170.74
2017-04-13 09:55:14,170.67,170.74
2017-04-13 09:55:15,170.67,170.74
2017-04-13 09:55:16,170.67,170.74
2017-04-13 09:55:17,170.67,170.74
2017-04-13 09:55:18,170.67,170.74
2017-04-13 09:55:19,170.67,170.74
2017-04-13 09:55:20,170.67,170.74
2017-04-13 09:55:21,170.67,170.74
2017-04-13 09:55:22,170.67,170.74
2017-04-13 09:55:23,170.69,170.8
2017-04-13 09:55:24,170.68,170.79
2017-04-13 09:55:25,170.69,170.8
2017-04-13 09:55:26,170.7,170.79
2017-04-13 09:55:27,170.7,170.79
2017-04-13 09:55:28,170.7,170.79
2017-04-13 09:55:29,170.7,170.79
2017-04-13 09:55:30,170.7,170.79
2017-04-13 09:55:31,170.7,170.79
2017-04-13 09:55:32,170.7,170.79
2017-04-13 09:55:33,170.7,170.78
2017-04-13 09:55:34,170.7,170.78
2017-04-13 09:55:35,170.7,170.78
2017-04-13 09:55:36,170.7,170.78
2017-04-13 09:55:37,170.7,170.78
2017-04-13 09:55:38,170.7,170.78
2017-04-13 09:55:39,170.7,170.78
2017-04-13 09:55:40,170.7,170.78
2017-04-13 09:55:41,170.7,170.78
2017-04-13 09:55:42,170.7,170.78
2017-04-13 09:55:43,170.7,170.78
2017-04-13 09:55:44,170.75,170.82
2017-04-13 09:55:45,170.75,170.82
2017-04-13 09:55:46,170.75,170.82
2017-04-13 09:55:47,170.75,170.83
2017-04-13 09:55:48,170.75,170.83
2017-04-13 09:55:49,170.75,170.83
2017-04-13 09:55:50,170.75,170.83
2017-04-13 09:55:51,170.75,170.83
2017-04-13 09:55:52,170.75,170.83
2017-04-13 09:55:53,170.75,170.83
2017-04-13 09:55:54,170.75,170.83
2017-04-13 09:55:55,170.75,170.83
2017-04-13 09:55:56,170.7,170.78
2017-04-13 09:55:57,170.7,170.78
2017-04-13 09:55:58,170.7,170.78
2017-04-13 09:55:59,170.71,170.78
2017-04-13 09:56:00,170.71,170.78
2017-04-13 09:56:01,170.71,170.77
2017-04-13 09:56:02,170.7,170.77
2017-04-13 09:56:03,170.7,170.77
2017-04-13 09:56:04,170.7,170.77
2017-04-13 09:56:05,170.7,170.77
2017-04-13 09:56:06,170.7,170.77
2017-04-13 09:56:07,170.7,170.77
2017-04-13 09:56:08,170.7,170.77
2017-04-13 09:56:09,170.7,170.77
2017-04-13 09:56:10,170.7,170.77
2017-04-13 09:56:11,170.7,170.77
2017-04-13 09:56:12,170.7,170.77
2017-04-13 09:56:13,170.7,170.77
2017-04-13 09:56:14,170.7,170.77
2017-04-13 09:56:15,170.71,170.77
2017-04-13 09:56:16,170.71,170.77
2017-04-13 09:56:17,170.71,170.77
2017-04-13 09:56:18,170.71,170.77
2017-04-13 09:56:19,170.71,170.77
2017-04-13 09:56:20,170.71,170.77
2017-04-13 09:56:21,170.71,170.77
2017-04-13 09:56:22,170.71,170.77
2017-04-13 09:56:23,170.71,170.77
2017-04-13 09:56:24,170.71,170.77
2017-04-13 09:56:25,170.71,170.77
2017-04-13 09:56:26,170.71,170.77
2017-04-13 09:56:27,170.71,170.76
2017-04-13 09:56:28,170.71,170.76
2017-04-13 09:56:29,170.71,170.77
2017-04-13 09:56:30,170.72,170.77
2017-04-13 09:56:31,170.72,170.77
2017-04-13 09:56:32,170.72,170.77
2017-04-13 09:56:33,170.72,170.77
2017-04-13 09:56:34,170.72,170.77
2017-04-13 09:56:35,170.72,170.77
2017-04-13 09:56:36,170.72,170.77
2017-04-13 09:56:37,170.72,170.77
2017-04-13 09:56:38,170.72,170.77
2017-04-13 09:56:39,170.72,170.77
2017-04-13 09:56:40,170.72,170.77
2017-04-13 09:56:41,170.72,170.76
2017-04-13 09:56:42,170.72,170.76
2017-04-13 09:56:43,170.71,170.74
2017-04-13 09:56:44,170.7,170.72
2017-04-13 09:56:45,170.7,170.73
2017-04-13 09:56:46,170.7,170.73
2017-04-13 09:56:47,170.7,170.73
2017-04-13 09:56:48,170.7,170.73
2017-04-13 09:56:49,170.7,170.73
2017-04-13 09:56:50,170.71,170.75
2017-04-13 09:56:51,170.71,170.75
2017-04-13 09:56:52,170.71,170.75
2017-04-13 09:56:53,170.71,170.75
2017-04-13 09:56:54,170.7,170.75
2017-04-13 09:56:55,170.7,170.75
2017-04-13 09:56:56,170.7,170.75
2017-04-13 09:56:57,170.7,170.75
2017-04-13 09:56:58,170.7,170.75
2017-04-13 09:56:59,170.7,170.75
2017-04-13 09:57:00,170.69,170.74
2017-04-13 09:57:01,170.69,170.74
2017-04-13 09:57:02,170.69,170.74
2017-04-13 09:57:03,170.69,170.74
2017-04-13 09:57:04,170.69,170.74
2017-04-13 09:57:05,170.69,170.74
2017-04-13 09:57:06,170.69,170.74
2017-04-13 09:57:07,170.69,170.74
2017-04-13 09:57:08,170.69,170.74
2017-04-13 09:57:09,170.69,170.74
2017-04-13 09:57:10,170.69,170.74
2017-04-13 09:57:11,170.69,170.74
2017-04-13 09:57:12,170.69,170.74
2017-04-13 09:57:13,170.69,170.74
2017-04-13 09:57:14,170.69,170.74
2017-04-13 09:57:15,170.69,170.74
2017-04-13 09:57:16,170.69,170.75
2017-04-13 09:57:17,170.69,170.75
2017-04-13 09:57:18,170.69,170.75
2017-04-13 09:57:19,170.69,170.75
2017-04-13 09:57:20,170.69,170.73
2017-04-13 09:57:21,170.69,170.73
2017-04-13 09:57:22,170.69,170.73
2017-04-13 09:57:23,170.69,170.73
2017-04-13 09:57:24,170.69,170.73
2017-04-13 09:57:25,170.69,170.73
2017-04-13 09:57:26,170.69,170.73
2017-04-13 09:57:27,170.69,170.75
2017-04-13 09:57:28,170.69,170.75
2017-04-13 09:57:29,170.69,170.75
2017-04-13 09:57:30,170.71,170.75
2017-04-13 09:57:31,170.71,170.75
2017-04-13 09:57:32,170.71,170.75
2017-04-13 09:57:33,170.71,170.75
2017-04-13 09:57:34,170.72,170.8
2017-04-13 09:57:35,170.72,170.8
2017-04-13 09:57:36,170.72,170.8
2017-04-13 09:57:37,170.72,170.82
2017-04-13 09:57:38,170.72,170.82
2017-04-13 09:57:39,170.72,170.82
2017-04-13 09:57:40,170.72,170.82
2017-04-13 09:57:41,170.72,170.82
2017-04-13 09:57:42,170.72,170.82
2017-04-13 09:57:43,170.72,170.82
2017-04-13 09:57:44,170.72,170.82
2017-04-13 09:57:45,170.72,170.82
2017-04-13 09:57:46,170.78,170.85
2017-04-13 09:57:47,170.81,170.89
2017-04-13 09:57:48,170.81,170.89
2017-04-13 09:57:49,170.81,170.89
2017-04-13 09:57:50,170.81,170.89
2017-04-13 09:57:51,170.81,170.89
2017-04-13 09:57:52,170.81,170.89
2017-04-13 09:57:53,170.81,170.89
2017-04-13 09:57:54,170.81,170.89
2017-04-13 09:57:55,170.81,170.89
2017-04-13 09:57:56,170.81,170.89
2017-04-13 09:57:57,170.81,170.89
2017-04-13 09:57:58,170.81,170.89
2017-04-13 09:57:59,170.81,170.89
2017-04-13 09:58:00,170.81,170.89
2017-04-13 09:58:01,170.81,170.89
2017-04-13 09:58:02,170.81,170.89
2017-04-13 09:58:03,170.81,170.89
2017-04-13 09:58:04,170.81,170.89
2017-04-13 09:58:05,170.81,170.89
2017-04-13 09:58:06,170.76,170.86
2017-04-13 09:58:07,170.76,170.85
2017-04-13 09:58:08,170.76,170.85
2017-04-13 09:58:09,170.76,170.85
2017-04-13 09:58:10,170.76,170.85
2017-04-13 09:58:11,170.76,170.85
2017-04-13 09:58:12,170.76,170.85
2017-04-13 09:58:13,170.76,170.85
2017-04-13 09:58:14,170.77,170.85
2017-04-13 09:58:15,170.77,170.85
2017-04-13 09:58:16,170.77,170.85
2017-04-13 09:58:17,170.77,170.85
2017-04-13 09:58:18,170.77,170.85
2017-04-13 09:58:19,170.77,170.85
2017-04-13 09:58:20,170.77,170.85
2017-04-13 09:58:21,170.77,170.85
2017-04-13 09:58:22,170.77,170.85
2017-04-13 09:58:23,170.77,170.85
2017-04-13 09:58:24,170.77,170.85
2017-04-13 09:58:25,170.74,170.81
2017-04-13 09:58:26,170.74,170.81
2017-04-13 09:58:27,170.74,170.83
2017-04-13 09:58:28,170.74,170.83
2017-04-13 09:58:29,170.74,170.83
2017-04-13 09:58:30,170.77,170.83
2017-04-13 09:58:31,170.74,170.83
2017-04-13 09:58:32,170.74,170.82
2017-04-13 09:58:33,170.74,170.82
2017-04-13 09:58:34,170.74,170.82
2017-04-13 09:58:35,170.74,170.82
2017-04-13 09:58:36,170.74,170.82
2017-04-13 09:58:37,170.74,170.82
2017-04-13 09:58:38,170.74,170.82
2017-04-13 09:58:39,170.74,170.82
2017-04-13 09:58:40,170.75,170.83
2017-04-13 09:58:41,170.74,170.83
2017-04-13 09:58:42,170.74,170.83
2017-04-13 09:58:43,170.75,170.83
2017-04-13 09:58:44,170.75,170.83
2017-04-13 09:58:45,170.75,170.83
2017-04-13 09:58:46,170.75,170.82
2017-04-13 09:58:47,170.75,170.83
2017-04-13 09:58:48,170.75,170.79
2017-04-13 09:58:49,170.75,170.83
2017-04-13 09:58:50,170.75,170.83
2017-04-13 09:58:51,170.75,170.83
2017-04-13 09:58:52,170.73,170.78
2017-04-13 09:58:53,170.72,170.78
2017-04-13 09:58:54,170.72,170.78
2017-04-13 09:58:55,170.73,170.78
2017-04-13 09:58:56,170.71,170.78
2017-04-13 09:58:57,170.72,170.78
2017-04-13 09:58:58,170.72,170.78
2017-04-13 09:58:59,170.72,170.78
2017-04-13 09:59:00,170.72,170.78
2017-04-13 09:59:01,170.72,170.78
2017-04-13 09:59:02,170.72,170.78
2017-04-13 09:59:03,170.72,170.78
2017-04-13 09:59:04,170.72,170.78
2017-04-13 09:59:05,170.72,170.78
2017-04-13 09:59:06,170.72,170.78
2017-04-13 09:59:07,170.72,170.78
2017-04-13 09:59:08,170.72,170.78
2017-04-13 09:59:09,170.72,170.78
2017-04-13 09:59:10,170.72,170.78
2017-04-13 09:59:11,170.72,170.78
2017-04-13 09:59:12,170.72,170.78
2017-04-13 09:59:13,170.69,170.73
2017-04-13 09:59:14,170.69,170.74
2017-04-13 09:59:15,170.69,170.74
2017-04-13 09:59:16,170.67,170.72
2017-04-13 09:59:17,170.67,170.72
2017-04-13 09:59:18,170.67,170.72
2017-04-13 09:59:19,170.67,170.72
2017-04-13 09:59:20,170.66,170.68
2017-04-13 09:59:21,170.66,170.68
2017-04-13 09:59:22,170.66,170.7
2017-04-13 09:59:23,170.65,170.69
2017-04-13 09:59:24,170.61,170.65
2017-04-13 09:59:25,170.61,170.65
2017-04-13 09:59:26,170.61,170.65
2017-04-13 09:59:27,170.61,170.65
2017-04-13 09:59:28,170.62,170.66
2017-04-13 09:59:29,170.62,170.66
2017-04-13 09:59:30,170.62,170.66
2017-04-13 09:59:31,170.62,170.66
2017-04-13 09:59:32,170.62,170.66
2017-04-13 09:59:33,170.63,170.66
2017-04-13 09:59:34,170.63,170.67
2017-04-13 09:59:35,170.63,170.69
2017-04-13 09:59:36,170.63,170.69
2017-04-13 09:59:37,170.63,170.69
2017-04-13 09:59:38,170.63,170.69
2017-04-13 09:59:39,170.63,170.65
2017-04-13 09:59:40,170.63,170.65
2017-04-13 09:59:41,170.64,170.69
2017-04-13 09:59:42,170.64,170.69
2017-04-13 09:59:43,170.62,170.69
2017-04-13 09:59:44,170.62,170.69
2017-04-13 09:59:45,170.63,170.69
2017-04-13 09:59:46,170.63,170.69
2017-04-13 09:59:47,170.63,170.69
2017-04-13 09:59:48,170.63,170.69
2017-04-13 09:59:49,170.63,170.69
2017-04-13 09:59:50,170.63,170.69
2017-04-13 09:59:51,170.61,170.65
2017-04-13 09:59:52,170.61,170.65
2017-04-13 09:59:53,170.6,170.65
2017-04-13 09:59:54,170.6,170.65
2017-04-13 09:59:55,170.6,170.65
2017-04-13 09:59:56,170.6,170.65
2017-04-13 09:59:57,170.6,170.65
2017-04-13 09:59:58,170.6,170.65
2017-04-13 09:59:59,170.6,170.65
2017-04-13 10:00:00,170.6,170.65
2017-04-13 10:00:01,170.61,170.81
2017-04-13 10:00:02,170.61,170.78
2017-04-13 10:00:03,170.61,170.74
2017-04-13 10:00:04,170.61,170.73
2017-04-13 10:00:05,170.61,170.81
2017-04-13 10:00:06,170.61,170.8
2017-04-13 10:00:07,170.61,170.78
2017-04-13 10:00:08,170.61,170.78
2017-04-13 10:00:09,170.61,170.76
2017-04-13 10:00:10,170.61,170.72
2017-04-13 10:00:11,170.61,170.72
2017-04-13 10:00:12,170.61,170.72
2017-04-13 10:00:13,170.61,170.69
2017-04-13 10:00:14,170.61,170.69
2017-04-13 10:00:15,170.61,170.69
2017-04-13 10:00:16,170.62,170.8
2017-04-13 10:00:17,170.62,170.79
2017-04-13 10:00:18,170.62,170.71
2017-04-13 10:00:19,170.66,170.73
2017-04-13 10:00:20,170.69,170.75
2017-04-13 10:00:21,170.69,170.74
2017-04-13 10:00:22,170.69,170.73
2017-04-13 10:00:23,170.69,170.73
2017-04-13 10:00:24,170.69,170.73
2017-04-13 10:00:25,170.69,170.73
2017-04-13 10:00:26,170.69,170.73
2017-04-13 10:00:27,170.69,170.73
2017-04-13 10:00:28,170.69,170.73
2017-04-13 10:00:29,170.69,170.73
2017-04-13 10:00:30,170.69,170.72
2017-04-13 10:00:31,170.7,170.75
2017-04-13 10:00:32,170.7,170.78
2017-04-13 10:00:33,170.7,170.78
2017-04-13 10:00:34,170.71,170.78
2017-04-13 10:00:35,170.71,170.78
2017-04-13 10:00:36,170.71,170.78
2017-04-13 10:00:37,170.68,170.75
2017-04-13 10:00:38,170.69,170.74
2017-04-13 10:00:39,170.68,170.74
2017-04-13 10:00:40,170.68,170.74
2017-04-13 10:00:41,170.7,170.73
2017-04-13 10:00:42,170.69,170.73
2017-04-13 10:00:43,170.69,170.74
2017-04-13 10:00:44,170.68,170.73
2017-04-13 10:00:45,170.69,170.74
2017-04-13 10:00:46,170.69,170.74
2017-04-13 10:00:47,170.7,170.74
2017-04-13 10:00:48,170.7,170.74
2017-04-13 10:00:49,170.7,170.74
2017-04-13 10:00:50,170.7,170.74
2017-04-13 10:00:51,170.7,170.73
2017-04-13 10:00:52,170.62,170.68
2017-04-13 10:00:53,170.64,170.68
2017-04-13 10:00:54,170.62,170.67
2017-04-13 10:00:55,170.62,170.67
2017-04-13 10:00:56,170.63,170.65
2017-04-13 10:00:57,170.63,170.65
2017-04-13 10:00:58,170.63,170.65
2017-04-13 10:00:59,170.63,170.65
2017-04-13 10:01:00,170.61,170.65
2017-04-13 10:01:01,170.61,170.65
2017-04-13 10:01:02,170.62,170.67
2017-04-13 10:01:03,170.62,170.67
2017-04-13 10:01:04,170.64,170.66
2017-04-13 10:01:05,170.61,170.66
2017-04-13 10:01:06,170.61,170.66
2017-04-13 10:01:07,170.64,170.72
2017-04-13 10:01:08,170.64,170.72
2017-04-13 10:01:09,170.64,170.72
2017-04-13 10:01:10,170.64,170.72
2017-04-13 10:01:11,170.61,170.69
2017-04-13 10:01:12,170.62,170.69
2017-04-13 10:01:13,170.61,170.69
2017-04-13 10:01:14,170.61,170.69
2017-04-13 10:01:15,170.61,170.69
2017-04-13 10:01:16,170.58,170.65
2017-04-13 10:01:17,170.58,170.65
2017-04-13 10:01:18,170.59,170.67
2017-04-13 10:01:19,170.59,170.67
2017-04-13 10:01:20,170.59,170.67
2017-04-13 10:01:21,170.59,170.67
2017-04-13 10:01:22,170.59,170.66
2017-04-13 10:01:23,170.59,170.67
2017-04-13 10:01:24,170.59,170.67
2017-04-13 10:01:25,170.6,170.66
2017-04-13 10:01:26,170.6,170.66
2017-04-13 10:01:27,170.6,170.66
2017-04-13 10:01:28,170.6,170.66
2017-04-13 10:01:29,170.6,170.66
2017-04-13 10:01:30,170.6,170.66
2017-04-13 10:01:31,170.6,170.66
2017-04-13 10:01:32,170.6,170.66
2017-04-13 10:01:33,170.66,170.76
2017-04-13 10:01:34,170.66,170.74
2017-04-13 10:01:35,170.68,170.77
2017-04-13 10:01:36,170.69,170.77
2017-04-13 10:01:37,170.69,170.77
2017-04-13 10:01:38,170.66,170.75
2017-04-13 10:01:39,170.66,170.75
2017-04-13 10:01:40,170.64,170.75
2017-04-13 10:01:41,170.64,170.75
2017-04-13 10:01:42,170.64,170.75
2017-04-13 10:01:43,170.62,170.75
2017-04-13 10:01:44,170.62,170.75
2017-04-13 10:01:45,170.62,170.75
2017-04-13 10:01:46,170.62,170.75
2017-04-13 10:01:47,170.62,170.75
2017-04-13 10:01:48,170.62,170.75
2017-04-13 10:01:49,170.62,170.72
2017-04-13 10:01:50,170.62,170.72
2017-04-13 10:01:51,170.62,170.72
2017-04-13 10:01:52,170.62,170.72
2017-04-13 10:01:53,170.62,170.72
2017-04-13 10:01:54,170.62,170.72
2017-04-13 10:01:55,170.63,170.72
2017-04-13 10:01:56,170.63,170.72
2017-04-13 10:01:57,170.63,170.72
2017-04-13 10:01:58,170.63,170.72
2017-04-13 10:01:59,170.63,170.72
2017-04-13 10:02:00,170.65,170.72
2017-04-13 10:02:01,170.65,170.72
2017-04-13 10:02:02,170.68,170.73
2017-04-13 10:02:03,170.67,170.73
2017-04-13 10:02:04,170.69,170.76
2017-04-13 10:02:05,170.69,170.76
2017-04-13 10:02:06,170.69,170.75
2017-04-13 10:02:07,170.69,170.75
2017-04-13 10:02:08,170.7,170.75
2017-04-13 10:02:09,170.76,170.78
2017-04-13 10:02:10,170.76,170.79
2017-04-13 10:02:11,170.74,170.79
2017-04-13 10:02:12,170.74,170.79
2017-04-13 10:02:13,170.73,170.77
2017-04-13 10:02:14,170.73,170.77
2017-04-13 10:02:15,170.73,170.77
2017-04-13 10:02:16,170.73,170.77
2017-04-13 10:02:17,170.73,170.77
2017-04-13 10:02:18,170.73,170.77
2017-04-13 10:02:19,170.73,170.77
2017-04-13 10:02:20,170.73,170.77
2017-04-13 10:02:21,170.73,170.77
2017-04-13 10:02:22,170.78,170.89
2017-04-13 10:02:23,170.79,170.89
2017-04-13 10:02:24,170.78,170.87
2017-04-13 10:02:25,170.79,170.86
2017-04-13 10:02:26,170.75,170.84
2017-04-13 10:02:27,170.75,170.84
2017-04-13 10:02:28,170.75,170.84
2017-04-13 10:02:29,170.75,170.84
2017-04-13 10:02:30,170.75,170.84
2017-04-13 10:02:31,170.75,170.84
2017-04-13 10:02:32,170.75,170.84
2017-04-13 10:02:33,170.77,170.84
2017-04-13 10:02:34,170.76,170.84
2017-04-13 10:02:35,170.76,170.82
2017-04-13 10:02:36,170.76,170.82
2017-04-13 10:02:37,170.76,170.82
2017-04-13 10:02:38,170.76,170.82
2017-04-13 10:02:39,170.76,170.82
2017-04-13 10:02:40,170.76,170.82
2017-04-13 10:02:41,170.76,170.81
2017-04-13 10:02:42,170.76,170.82
2017-04-13 10:02:43,170.75,170.79
2017-04-13 10:02:44,170.75,170.77
2017-04-13 10:02:45,170.74,170.8
2017-04-13 10:02:46,170.74,170.8
2017-04-13 10:02:47,170.74,170.8
2017-04-13 10:02:48,170.76,170.8
2017-04-13 10:02:49,170.76,170.8
2017-04-13 10:02:50,170.76,170.8
2017-04-13 10:02:51,170.76,170.8
2017-04-13 10:02:52,170.76,170.8
2017-04-13 10:02:53,170.76,170.8
2017-04-13 10:02:54,170.76,170.8
2017-04-13 10:02:55,170.76,170.8
2017-04-13 10:02:56,170.76,170.8
2017-04-13 10:02:57,170.74,170.79
2017-04-13 10:02:58,170.74,170.79
2017-04-13 10:02:59,170.74,170.79
2017-04-13 10:03:00,170.74,170.8
2017-04-13 10:03:01,170.74,170.79
2017-04-13 10:03:02,170.74,170.79
2017-04-13 10:03:03,170.74,170.79
2017-04-13 10:03:04,170.74,170.79
2017-04-13 10:03:05,170.74,170.79
2017-04-13 10:03:06,170.74,170.79
2017-04-13 10:03:07,170.7,170.75
2017-04-13 10:03:08,170.7,170.75
2017-04-13 10:03:09,170.7,170.74
2017-04-13 10:03:10,170.7,170.76
2017-04-13 10:03:11,170.7,170.75
2017-04-13 10:03:12,170.7,170.76
2017-04-13 10:03:13,170.7,170.75
2017-04-13 10:03:14,170.7,170.75
2017-04-13 10:03:15,170.7,170.75
2017-04-13 10:03:16,170.7,170.75
2017-04-13 10:03:17,170.7,170.75
2017-04-13 10:03:18,170.7,170.75
2017-04-13 10:03:19,170.7,170.74
2017-04-13 10:03:20,170.7,170.74
2017-04-13 10:03:21,170.7,170.74
2017-04-13 10:03:22,170.7,170.76
2017-04-13 10:03:23,170.7,170.76
2017-04-13 10:03:24,170.7,170.76
2017-04-13 10:03:25,170.7,170.76
2017-04-13 10:03:26,170.73,170.8
2017-04-13 10:03:27,170.74,170.8
2017-04-13 10:03:28,170.74,170.8
2017-04-13 10:03:29,170.74,170.8
2017-04-13 10:03:30,170.74,170.8
2017-04-13 10:03:31,170.74,170.8
2017-04-13 10:03:32,170.71,170.77
2017-04-13 10:03:33,170.71,170.77
2017-04-13 10:03:34,170.71,170.77
2017-04-13 10:03:35,170.71,170.77
2017-04-13 10:03:36,170.71,170.77
2017-04-13 10:03:37,170.71,170.77
2017-04-13 10:03:38,170.71,170.77
2017-04-13 10:03:39,170.71,170.77
2017-04-13 10:03:40,170.71,170.77
2017-04-13 10:03:41,170.71,170.77
2017-04-13 10:03:42,170.71,170.77
2017-04-13 10:03:43,170.71,170.77
2017-04-13 10:03:44,170.71,170.77
2017-04-13 10:03:45,170.71,170.77
2017-04-13 10:03:46,170.71,170.77
2017-04-13 10:03:47,170.71,170.77
2017-04-13 10:03:48,170.71,170.77
2017-04-13 10:03:49,170.71,170.77
2017-04-13 10:03:50,170.71,170.77
2017-04-13 10:03:51,170.71,170.77
2017-04-13 10:03:52,170.71,170.77
2017-04-13 10:03:53,170.71,170.77
2017-04-13 10:03:54,170.71,170.77
2017-04-13 10:03:55,170.71,170.77
2017-04-13 10:03:56,170.68,170.72
2017-04-13 10:03:57,170.68,170.72
2017-04-13 10:03:58,170.68,170.72
2017-04-13 10:03:59,170.68,170.72
2017-04-13 10:04:00,170.68,170.72
2017-04-13 10:04:01,170.68,170.72
2017-04-13 10:04:02,170.68,170.72
2017-04-13 10:04:03,170.66,170.7
2017-04-13 10:04:04,170.66,170.7
2017-04-13 10:04:05,170.66,170.69
2017-04-13 10:04:06,170.67,170.71
2017-04-13 10:04:07,170.67,170.71
2017-04-13 10:04:08,170.66,170.71
2017-04-13 10:04:09,170.66,170.71
2017-04-13 10:04:10,170.66,170.73
2017-04-13 10:04:11,170.66,170.73
2017-04-13 10:04:12,170.66,170.73
2017-04-13 10:04:13,170.66,170.73
2017-04-13 10:04:14,170.66,170.73
2017-04-13 10:04:15,170.67,170.72
2017-04-13 10:04:16,170.67,170.71
2017-04-13 10:04:17,170.66,170.71
2017-04-13 10:04:18,170.66,170.71
2017-04-13 10:04:19,170.66,170.71
2017-04-13 10:04:20,170.66,170.71
2017-04-13 10:04:21,170.67,170.71
2017-04-13 10:04:22,170.67,170.71
2017-04-13 10:04:23,170.67,170.71
2017-04-13 10:04:24,170.67,170.71
2017-04-13 10:04:25,170.67,170.71
2017-04-13 10:04:26,170.71,170.74
2017-04-13 10:04:27,170.71,170.74
2017-04-13 10:04:28,170.71,170.74
2017-04-13 10:04:29,170.71,170.74
2017-04-13 10:04:30,170.71,170.74
2017-04-13 10:04:31,170.71,170.74
2017-04-13 10:04:32,170.71,170.74
2017-04-13 10:04:33,170.71,170.74
2017-04-13 10:04:34,170.74,170.81
2017-04-13 10:04:35,170.74,170.81
2017-04-13 10:04:36,170.74,170.81
2017-04-13 10:04:37,170.74,170.81
2017-04-13 10:04:38,170.74,170.81
2017-04-13 10:04:39,170.74,170.81
2017-04-13 10:04:40,170.75,170.81
2017-04-13 10:04:41,170.75,170.81
2017-04-13 10:04:42,170.75,170.81
2017-04-13 10:04:43,170.75,170.81
2017-04-13 10:04:44,170.75,170.81
2017-04-13 10:04:45,170.75,170.81
2017-04-13 10:04:46,170.75,170.81
2017-04-13 10:04:47,170.75,170.81
2017-04-13 10:04:48,170.75,170.8
2017-04-13 10:04:49,170.75,170.8
2017-04-13 10:04:50,170.75,170.8
2017-04-13 10:04:51,170.75,170.8
2017-04-13 10:04:52,170.75,170.8
2017-04-13 10:04:53,170.75,170.79
2017-04-13 10:04:54,170.75,170.79
2017-04-13 10:04:55,170.75,170.79
2017-04-13 10:04:56,170.75,170.79
2017-04-13 10:04:57,170.75,170.79
2017-04-13 10:04:58,170.75,170.79
2017-04-13 10:04:59,170.75,170.79
2017-04-13 10:05:00,170.75,170.79
2017-04-13 10:05:01,170.75,170.78
2017-04-13 10:05:02,170.75,170.78
2017-04-13 10:05:03,170.75,170.78
2017-04-13 10:05:04,170.75,170.78
2017-04-13 10:05:05,170.75,170.78
2017-04-13 10:05:06,170.75,170.78
2017-04-13 10:05:07,170.75,170.78
2017-04-13 10:05:08,170.75,170.77
2017-04-13 10:05:09,170.75,170.77
2017-04-13 10:05:10,170.73,170.76
2017-04-13 10:05:11,170.73,170.76
2017-04-13 10:05:12,170.71,170.75
2017-04-13 10:05:13,170.69,170.73
2017-04-13 10:05:14,170.69,170.72
2017-04-13 10:05:15,170.68,170.71
2017-04-13 10:05:16,170.67,170.7
2017-04-13 10:05:17,170.67,170.69
2017-04-13 10:05:18,170.63,170.67
2017-04-13 10:05:19,170.64,170.66
2017-04-13 10:05:20,170.64,170.66
2017-04-13 10:05:21,170.65,170.69
2017-04-13 10:05:22,170.64,170.67
2017-04-13 10:05:23,170.64,170.67
2017-04-13 10:05:24,170.64,170.67
2017-04-13 10:05:25,170.64,170.67
2017-04-13 10:05:26,170.64,170.67
2017-04-13 10:05:27,170.64,170.67
2017-04-13 10:05:28,170.64,170.67
2017-04-13 10:05:29,170.64,170.67
2017-04-13 10:05:30,170.64,170.69
2017-04-13 10:05:31,170.68,170.79
2017-04-13 10:05:32,170.68,170.79
2017-04-13 10:05:33,170.68,170.79
2017-04-13 10:05:34,170.69,170.79
2017-04-13 10:05:35,170.7,170.79
2017-04-13 10:05:36,170.71,170.79
2017-04-13 10:05:37,170.71,170.79
2017-04-13 10:05:38,170.71,170.79
2017-04-13 10:05:39,170.71,170.79
2017-04-13 10:05:40,170.7,170.76
2017-04-13 10:05:41,170.71,170.79
2017-04-13 10:05:42,170.72,170.79
2017-04-13 10:05:43,170.72,170.79
2017-04-13 10:05:44,170.72,170.79
2017-04-13 10:05:45,170.72,170.79
2017-04-13 10:05:46,170.72,170.79
2017-04-13 10:05:47,170.72,170.79
2017-04-13 10:05:48,170.72,170.79
2017-04-13 10:05:49,170.72,170.79
2017-04-13 10:05:50,170.72,170.79
2017-04-13 10:05:51,170.72,170.79
2017-04-13 10:05:52,170.72,170.79
2017-04-13 10:05:53,170.73,170.8
2017-04-13 10:05:54,170.73,170.8
2017-04-13 10:05:55,170.73,170.8
2017-04-13 10:05:56,170.73,170.8
2017-04-13 10:05:57,170.73,170.8
2017-04-13 10:05:58,170.73,170.8
2017-04-13 10:05:59,170.73,170.8
2017-04-13 10:06:00,170.73,170.79
2017-04-13 10:06:01,170.73,170.79
2017-04-13 10:06:02,170.73,170.79
2017-04-13 10:06:03,170.73,170.79
2017-04-13 10:06:04,170.73,170.79
2017-04-13 10:06:05,170.74,170.79
2017-04-13 10:06:06,170.73,170.77
2017-04-13 10:06:07,170.73,170.77
2017-04-13 10:06:08,170.71,170.75
2017-04-13 10:06:09,170.71,170.75
2017-04-13 10:06:10,170.71,170.75
2017-04-13 10:06:11,170.71,170.75
2017-04-13 10:06:12,170.68,170.74
2017-04-13 10:06:13,170.68,170.73
2017-04-13 10:06:14,170.68,170.73
2017-04-13 10:06:15,170.68,170.72
2017-04-13 10:06:16,170.68,170.72
2017-04-13 10:06:17,170.69,170.74
2017-04-13 10:06:18,170.69,170.74
2017-04-13 10:06:19,170.69,170.74
2017-04-13 10:06:20,170.68,170.74
2017-04-13 10:06:21,170.67,170.71
2017-04-13 10:06:22,170.67,170.71
2017-04-13 10:06:23,170.67,170.71
2017-04-13 10:06:24,170.67,170.73
2017-04-13 10:06:25,170.67,170.73
2017-04-13 10:06:26,170.67,170.73
2017-04-13 10:06:27,170.67,170.73
2017-04-13 10:06:28,170.67,170.73
2017-04-13 10:06:29,170.67,170.73
2017-04-13 10:06:30,170.67,170.73
2017-04-13 10:06:31,170.67,170.73
2017-04-13 10:06:32,170.67,170.73
2017-04-13 10:06:33,170.67,170.73
2017-04-13 10:06:34,170.67,170.73
2017-04-13 10:06:35,170.67,170.73
2017-04-13 10:06:36,170.67,170.73
2017-04-13 10:06:37,170.67,170.73
2017-04-13 10:06:38,170.67,170.73
2017-04-13 10:06:39,170.67,170.73
2017-04-13 10:06:40,170.67,170.73
2017-04-13 10:06:41,170.67,170.73
2017-04-13 10:06:42,170.67,170.73
2017-04-13 10:06:43,170.63,170.7
2017-04-13 10:06:44,170.63,170.7
2017-04-13 10:06:45,170.63,170.71
2017-04-13 10:06:46,170.65,170.7
2017-04-13 10:06:47,170.63,170.7
2017-04-13 10:06:48,170.63,170.7
2017-04-13 10:06:49,170.63,170.7
2017-04-13 10:06:50,170.63,170.7
2017-04-13 10:06:51,170.7,170.75
2017-04-13 10:06:52,170.7,170.75
2017-04-13 10:06:53,170.7,170.75
2017-04-13 10:06:54,170.7,170.75
2017-04-13 10:06:55,170.7,170.75
2017-04-13 10:06:56,170.72,170.77
2017-04-13 10:06:57,170.72,170.77
2017-04-13 10:06:58,170.72,170.77
2017-04-13 10:06:59,170.72,170.77
2017-04-13 10:07:00,170.72,170.77
2017-04-13 10:07:01,170.68,170.77
2017-04-13 10:07:02,170.7,170.77
2017-04-13 10:07:03,170.7,170.77
2017-04-13 10:07:04,170.7,170.76
2017-04-13 10:07:05,170.7,170.76
2017-04-13 10:07:06,170.69,170.76
2017-04-13 10:07:07,170.67,170.75
2017-04-13 10:07:08,170.67,170.75
2017-04-13 10:07:09,170.67,170.75
2017-04-13 10:07:10,170.67,170.75
2017-04-13 10:07:11,170.67,170.75
2017-04-13 10:07:12,170.67,170.75
2017-04-13 10:07:13,170.65,170.72
2017-04-13 10:07:14,170.64,170.72
2017-04-13 10:07:15,170.64,170.72
2017-04-13 10:07:16,170.63,170.68
2017-04-13 10:07:17,170.63,170.68
2017-04-13 10:07:18,170.63,170.68
2017-04-13 10:07:19,170.63,170.68
2017-04-13 10:07:20,170.63,170.68
2017-04-13 10:07:21,170.63,170.68
2017-04-13 10:07:22,170.63,170.68
2017-04-13 10:07:23,170.63,170.68
2017-04-13 10:07:24,170.63,170.68
2017-04-13 10:07:25,170.63,170.68
2017-04-13 10:07:26,170.63,170.68
2017-04-13 10:07:27,170.63,170.68
2017-04-13 10:07:28,170.63,170.68
2017-04-13 10:07:29,170.63,170.68
2017-04-13 10:07:30,170.66,170.71
2017-04-13 10:07:31,170.67,170.73
2017-04-13 10:07:32,170.64,170.73
2017-04-13 10:07:33,170.65,170.73
2017-04-13 10:07:34,170.65,170.73
2017-04-13 10:07:35,170.65,170.73
2017-04-13 10:07:36,170.65,170.73
2017-04-13 10:07:37,170.65,170.73
2017-04-13 10:07:38,170.65,170.73
2017-04-13 10:07:39,170.65,170.73
2017-04-13 10:07:40,170.66,170.73
2017-04-13 10:07:41,170.66,170.73
2017-04-13 10:07:42,170.66,170.72
2017-04-13 10:07:43,170.66,170.72
2017-04-13 10:07:44,170.63,170.69
2017-04-13 10:07:45,170.63,170.69
2017-04-13 10:07:46,170.63,170.69
2017-04-13 10:07:47,170.63,170.69
2017-04-13 10:07:48,170.63,170.69
2017-04-13 10:07:49,170.63,170.69
2017-04-13 10:07:50,170.63,170.69
2017-04-13 10:07:51,170.63,170.69
2017-04-13 10:07:52,170.63,170.69
2017-04-13 10:07:53,170.63,170.69
2017-04-13 10:07:54,170.64,170.69
2017-04-13 10:07:55,170.64,170.69
2017-04-13 10:07:56,170.64,170.69
2017-04-13 10:07:57,170.63,170.68
2017-04-13 10:07:58,170.63,170.68
2017-04-13 10:07:59,170.63,170.68
2017-04-13 10:08:00,170.63,170.68
2017-04-13 10:08:01,170.62,170.66
2017-04-13 10:08:02,170.61,170.66
2017-04-13 10:08:03,170.59,170.66
2017-04-13 10:08:04,170.6,170.66
2017-04-13 10:08:05,170.6,170.65
2017-04-13 10:08:06,170.6,170.65
2017-04-13 10:08:07,170.59,170.64
2017-04-13 10:08:08,170.58,170.64
2017-04-13 10:08:09,170.58,170.64
2017-04-13 10:08:10,170.59,170.64
2017-04-13 10:08:11,170.59,170.64
2017-04-13 10:08:12,170.59,170.64
2017-04-13 10:08:13,170.59,170.64
2017-04-13 10:08:14,170.62,170.69
2017-04-13 10:08:15,170.62,170.69
2017-04-13 10:08:16,170.62,170.69
2017-04-13 10:08:17,170.62,170.71
2017-04-13 10:08:18,170.62,170.71
2017-04-13 10:08:19,170.62,170.67
2017-04-13 10:08:20,170.62,170.67
2017-04-13 10:08:21,170.65,170.71
2017-04-13 10:08:22,170.65,170.71
2017-04-13 10:08:23,170.65,170.71
2017-04-13 10:08:24,170.65,170.71
2017-04-13 10:08:25,170.65,170.74
2017-04-13 10:08:26,170.65,170.74
2017-04-13 10:08:27,170.65,170.74
2017-04-13 10:08:28,170.65,170.74
2017-04-13 10:08:29,170.65,170.75
2017-04-13 10:08:30,170.65,170.75
2017-04-13 10:08:31,170.65,170.75
2017-04-13 10:08:32,170.65,170.75
2017-04-13 10:08:33,170.65,170.75
2017-04-13 10:08:34,170.65,170.75
2017-04-13 10:08:35,170.65,170.74
2017-04-13 10:08:36,170.65,170.74
2017-04-13 10:08:37,170.65,170.74
2017-04-13 10:08:38,170.65,170.74
2017-04-13 10:08:39,170.65,170.74
2017-04-13 10:08:40,170.65,170.74
2017-04-13 10:08:41,170.67,170.74
2017-04-13 10:08:42,170.67,170.74
2017-04-13 10:08:43,170.67,170.73
2017-04-13 10:08:44,170.67,170.73
2017-04-13 10:08:45,170.67,170.73
2017-04-13 10:08:46,170.67,170.73
2017-04-13 10:08:47,170.67,170.73
2017-04-13 10:08:48,170.67,170.73
2017-04-13 10:08:49,170.67,170.73
2017-04-13 10:08:50,170.67,170.73
2017-04-13 10:08:51,170.67,170.73
2017-04-13 10:08:52,170.67,170.73
2017-04-13 10:08:53,170.67,170.73
2017-04-13 10:08:54,170.67,170.73
2017-04-13 10:08:55,170.67,170.73
2017-04-13 10:08:56,170.67,170.73
2017-04-13 10:08:57,170.67,170.73
2017-04-13 10:08:58,170.63,170.69
2017-04-13 10:08:59,170.62,170.67
2017-04-13 10:09:00,170.6,170.65
2017-04-13 10:09:01,170.6,170.64
2017-04-13 10:09:02,170.6,170.63
2017-04-13 10:09:03,170.6,170.62
2017-04-13 10:09:04,170.58,170.61
2017-04-13 10:09:05,170.58,170.62
2017-04-13 10:09:06,170.58,170.62
2017-04-13 10:09:07,170.58,170.62
2017-04-13 10:09:08,170.58,170.62
2017-04-13 10:09:09,170.58,170.62
2017-04-13 10:09:10,170.61,170.69
2017-04-13 10:09:11,170.62,170.69
2017-04-13 10:09:12,170.61,170.66
2017-04-13 10:09:13,170.61,170.66
2017-04-13 10:09:14,170.62,170.67
2017-04-13 10:09:15,170.61,170.66
2017-04-13 10:09:16,170.62,170.66
2017-04-13 10:09:17,170.58,170.65
2017-04-13 10:09:18,170.59,170.65
2017-04-13 10:09:19,170.59,170.66
2017-04-13 10:09:20,170.6,170.66
2017-04-13 10:09:21,170.6,170.66
2017-04-13 10:09:22,170.6,170.66
2017-04-13 10:09:23,170.6,170.66
2017-04-13 10:09:24,170.6,170.66
2017-04-13 10:09:25,170.6,170.66
2017-04-13 10:09:26,170.6,170.66
2017-04-13 10:09:27,170.62,170.66
2017-04-13 10:09:28,170.62,170.66
2017-04-13 10:09:29,170.62,170.66
2017-04-13 10:09:30,170.62,170.66
2017-04-13 10:09:31,170.62,170.66
2017-04-13 10:09:32,170.62,170.66
2017-04-13 10:09:33,170.62,170.66
2017-04-13 10:09:34,170.62,170.66
2017-04-13 10:09:35,170.62,170.66
2017-04-13 10:09:36,170.62,170.66
2017-04-13 10:09:37,170.62,170.66
2017-04-13 10:09:38,170.62,170.66
2017-04-13 10:09:39,170.62,170.66
2017-04-13 10:09:40,170.63,170.66
2017-04-13 10:09:41,170.62,170.66
2017-04-13 10:09:42,170.62,170.66
2017-04-13 10:09:43,170.62,170.66
2017-04-13 10:09:44,170.58,170.63
2017-04-13 10:09:45,170.59,170.63
2017-04-13 10:09:46,170.59,170.63
2017-04-13 10:09:47,170.59,170.63
2017-04-13 10:09:48,170.59,170.63
2017-04-13 10:09:49,170.61,170.67
2017-04-13 10:09:50,170.64,170.69
2017-04-13 10:09:51,170.64,170.69
2017-04-13 10:09:52,170.64,170.69
2017-04-13 10:09:53,170.64,170.69
2017-04-13 10:09:54,170.64,170.69
2017-04-13 10:09:55,170.64,170.69
2017-04-13 10:09:56,170.64,170.69
2017-04-13 10:09:57,170.64,170.68
2017-04-13 10:09:58,170.64,170.68
2017-04-13 10:09:59,170.64,170.69
2017-04-13 10:10:00,170.65,170.71
2017-04-13 10:10:01,170.65,170.71
2017-04-13 10:10:02,170.65,170.71
2017-04-13 10:10:03,170.65,170.71
2017-04-13 10:10:04,170.64,170.67
2017-04-13 10:10:05,170.61,170.67
2017-04-13 10:10:06,170.61,170.67
2017-04-13 10:10:07,170.61,170.67
2017-04-13 10:10:08,170.61,170.67
2017-04-13 10:10:09,170.61,170.67
2017-04-13 10:10:10,170.62,170.67
2017-04-13 10:10:11,170.62,170.67
2017-04-13 10:10:12,170.62,170.67
2017-04-13 10:10:13,170.62,170.67
2017-04-13 10:10:14,170.62,170.67
2017-04-13 10:10:15,170.62,170.67
2017-04-13 10:10:16,170.62,170.67
2017-04-13 10:10:17,170.62,170.67
2017-04-13 10:10:18,170.63,170.67
2017-04-13 10:10:19,170.63,170.67
2017-04-13 10:10:20,170.64,170.7
2017-04-13 10:10:21,170.64,170.7
2017-04-13 10:10:22,170.64,170.7
2017-04-13 10:10:23,170.64,170.7
2017-04-13 10:10:24,170.67,170.71
2017-04-13 10:10:25,170.65,170.71
2017-04-13 10:10:26,170.65,170.71
2017-04-13 10:10:27,170.65,170.71
2017-04-13 10:10:28,170.65,170.71
2017-04-13 10:10:29,170.65,170.71
2017-04-13 10:10:30,170.65,170.71
2017-04-13 10:10:31,170.65,170.71
2017-04-13 10:10:32,170.65,170.71
2017-04-13 10:10:33,170.65,170.71
2017-04-13 10:10:34,170.65,170.71
2017-04-13 10:10:35,170.65,170.7
2017-04-13 10:10:36,170.65,170.7
2017-04-13 10:10:37,170.65,170.7
2017-04-13 10:10:38,170.65,170.7
2017-04-13 10:10:39,170.65,170.7
2017-04-13 10:10:40,170.65,170.7
2017-04-13 10:10:41,170.65,170.7
2017-04-13 10:10:42,170.65,170.7
2017-04-13 10:10:43,170.65,170.7
2017-04-13 10:10:44,170.65,170.7
2017-04-13 10:10:45,170.65,170.7
2017-04-13 10:10:46,170.65,170.7
2017-04-13 10:10:47,170.65,170.7
2017-04-13 10:10:48,170.65,170.7
2017-04-13 10:10:49,170.65,170.7
2017-04-13 10:10:50,170.65,170.7
2017-04-13 10:10:51,170.65,170.7
2017-04-13 10:10:52,170.65,170.7
2017-04-13 10:10:53,170.65,170.7
2017-04-13 10:10:54,170.65,170.7
2017-04-13 10:10:55,170.65,170.7
2017-04-13 10:10:56,170.65,170.7
2017-04-13 10:10:57,170.65,170.7
2017-04-13 10:10:58,170.65,170.7
2017-04-13 10:10:59,170.65,170.7
2017-04-13 10:11:00,170.65,170.7
2017-04-13 10:11:01,170.65,170.7
2017-04-13 10:11:02,170.65,170.7
2017-04-13 10:11:03,170.65,170.7
2017-04-13 10:11:04,170.65,170.7
2017-04-13 10:11:05,170.65,170.7
2017-04-13 10:11:06,170.65,170.7
2017-04-13 10:11:07,170.65,170.7
2017-04-13 10:11:08,170.67,170.7
2017-04-13 10:11:09,170.67,170.7
2017-04-13 10:11:10,170.67,170.7
2017-04-13 10:11:11,170.67,170.7
2017-04-13 10:11:12,170.67,170.7
2017-04-13 10:11:13,170.67,170.7
2017-04-13 10:11:14,170.67,170.7
2017-04-13 10:11:15,170.67,170.7
2017-04-13 10:11:16,170.67,170.7
2017-04-13 10:11:17,170.67,170.7
2017-04-13 10:11:18,170.67,170.7
2017-04-13 10:11:19,170.71,170.76
2017-04-13 10:11:20,170.71,170.75
2017-04-13 10:11:21,170.74,170.83
2017-04-13 10:11:22,170.74,170.82
2017-04-13 10:11:23,170.74,170.82
2017-04-13 10:11:24,170.75,170.82
2017-04-13 10:11:25,170.75,170.82
2017-04-13 10:11:26,170.75,170.82
2017-04-13 10:11:27,170.76,170.82
2017-04-13 10:11:28,170.71,170.77
2017-04-13 10:11:29,170.72,170.77
2017-04-13 10:11:30,170.71,170.77
2017-04-13 10:11:31,170.71,170.76
2017-04-13 10:11:32,170.71,170.76
2017-04-13 10:11:33,170.71,170.76
2017-04-13 10:11:34,170.71,170.76
2017-04-13 10:11:35,170.67,170.73
2017-04-13 10:11:36,170.67,170.73
2017-04-13 10:11:37,170.67,170.73
2017-04-13 10:11:38,170.67,170.73
2017-04-13 10:11:39,170.67,170.73
2017-04-13 10:11:40,170.67,170.73
2017-04-13 10:11:41,170.67,170.73
2017-04-13 10:11:42,170.67,170.73
2017-04-13 10:11:43,170.67,170.73
2017-04-13 10:11:44,170.67,170.73
2017-04-13 10:11:45,170.67,170.73
2017-04-13 10:11:46,170.67,170.73
2017-04-13 10:11:47,170.7,170.77
2017-04-13 10:11:48,170.7,170.77
2017-04-13 10:11:49,170.7,170.77
2017-04-13 10:11:50,170.7,170.77
2017-04-13 10:11:51,170.7,170.77
2017-04-13 10:11:52,170.7,170.77
2017-04-13 10:11:53,170.7,170.76
2017-04-13 10:11:54,170.69,170.76
2017-04-13 10:11:55,170.69,170.76
2017-04-13 10:11:56,170.69,170.76
2017-04-13 10:11:57,170.7,170.76
2017-04-13 10:11:58,170.7,170.76
2017-04-13 10:11:59,170.7,170.76
2017-04-13 10:12:00,170.7,170.76
2017-04-13 10:12:01,170.7,170.76
2017-04-13 10:12:02,170.7,170.76
2017-04-13 10:12:03,170.7,170.76
2017-04-13 10:12:04,170.7,170.76
2017-04-13 10:12:05,170.7,170.76
2017-04-13 10:12:06,170.7,170.76
2017-04-13 10:12:07,170.7,170.76
2017-04-13 10:12:08,170.71,170.76
2017-04-13 10:12:09,170.71,170.76
2017-04-13 10:12:10,170.71,170.76
2017-04-13 10:12:11,170.71,170.76
2017-04-13 10:12:12,170.71,170.76
2017-04-13 10:12:13,170.67,170.74
2017-04-13 10:12:14,170.67,170.74
2017-04-13 10:12:15,170.67,170.74
2017-04-13 10:12:16,170.67,170.74
2017-04-13 10:12:17,170.67,170.74
2017-04-13 10:12:18,170.67,170.74
2017-04-13 10:12:19,170.67,170.71
2017-04-13 10:12:20,170.67,170.71
2017-04-13 10:12:21,170.67,170.71
2017-04-13 10:12:22,170.67,170.71
2017-04-13 10:12:23,170.67,170.71
2017-04-13 10:12:24,170.67,170.71
2017-04-13 10:12:25,170.67,170.71
2017-04-13 10:12:26,170.67,170.71
2017-04-13 10:12:27,170.67,170.71
2017-04-13 10:12:28,170.67,170.71
2017-04-13 10:12:29,170.67,170.71
2017-04-13 10:12:30,170.67,170.71
2017-04-13 10:12:31,170.67,170.71
2017-04-13 10:12:32,170.67,170.71
2017-04-13 10:12:33,170.67,170.71
2017-04-13 10:12:34,170.67,170.71
2017-04-13 10:12:35,170.67,170.71
2017-04-13 10:12:36,170.67,170.71
2017-04-13 10:12:37,170.67,170.71
2017-04-13 10:12:38,170.67,170.71
2017-04-13 10:12:39,170.67,170.71
2017-04-13 10:12:40,170.67,170.74
2017-04-13 10:12:41,170.67,170.76
2017-04-13 10:12:42,170.67,170.76
2017-04-13 10:12:43,170.69,170.76
2017-04-13 10:12:44,170.69,170.76
2017-04-13 10:12:45,170.69,170.76
2017-04-13 10:12:46,170.69,170.76
2017-04-13 10:12:47,170.69,170.76
2017-04-13 10:12:48,170.69,170.76
2017-04-13 10:12:49,170.69,170.76
2017-04-13 10:12:50,170.69,170.76
2017-04-13 10:12:51,170.7,170.76
2017-04-13 10:12:52,170.7,170.76
2017-04-13 10:12:53,170.7,170.76
2017-04-13 10:12:54,170.7,170.76
2017-04-13 10:12:55,170.7,170.76
2017-04-13 10:12:56,170.7,170.76
2017-04-13 10:12:57,170.7,170.76
2017-04-13 10:12:58,170.7,170.76
2017-04-13 10:12:59,170.7,170.76
2017-04-13 10:13:00,170.7,170.76
2017-04-13 10:13:01,170.7,170.76
2017-04-13 10:13:02,170.7,170.76
2017-04-13 10:13:03,170.7,170.76
2017-04-13 10:13:04,170.7,170.76
2017-04-13 10:13:05,170.7,170.76
2017-04-13 10:13:06,170.7,170.76
2017-04-13 10:13:07,170.7,170.76
2017-04-13 10:13:08,170.7,170.76
2017-04-13 10:13:09,170.7,170.76
2017-04-13 10:13:10,170.7,170.76
2017-04-13 10:13:11,170.7,170.74
2017-04-13 10:13:12,170.7,170.74
2017-04-13 10:13:13,170.7,170.74
2017-04-13 10:13:14,170.69,170.74
2017-04-13 10:13:15,170.69,170.74
2017-04-13 10:13:16,170.69,170.74
2017-04-13 10:13:17,170.69,170.73
2017-04-13 10:13:18,170.69,170.73
2017-04-13 10:13:19,170.69,170.73
2017-04-13 10:13:20,170.69,170.73
2017-04-13 10:13:21,170.69,170.73
2017-04-13 10:13:22,170.69,170.73
2017-04-13 10:13:23,170.69,170.73
2017-04-13 10:13:24,170.69,170.73
2017-04-13 10:13:25,170.69,170.73
2017-04-13 10:13:26,170.69,170.73
2017-04-13 10:13:27,170.69,170.73
2017-04-13 10:13:28,170.7,170.74
2017-04-13 10:13:29,170.7,170.74
2017-04-13 10:13:30,170.7,170.74
2017-04-13 10:13:31,170.7,170.74
2017-04-13 10:13:32,170.7,170.74
2017-04-13 10:13:33,170.7,170.74
2017-04-13 10:13:34,170.7,170.74
2017-04-13 10:13:35,170.7,170.74
2017-04-13 10:13:36,170.7,170.74
2017-04-13 10:13:37,170.7,170.74
2017-04-13 10:13:38,170.7,170.74
2017-04-13 10:13:39,170.7,170.74
2017-04-13 10:13:40,170.7,170.74
2017-04-13 10:13:41,170.73,170.8
2017-04-13 10:13:42,170.72,170.78
2017-04-13 10:13:43,170.73,170.78
2017-04-13 10:13:44,170.73,170.78
2017-04-13 10:13:45,170.73,170.78
2017-04-13 10:13:46,170.73,170.79
2017-04-13 10:13:47,170.74,170.82
2017-04-13 10:13:48,170.74,170.82
2017-04-13 10:13:49,170.74,170.82
2017-04-13 10:13:50,170.74,170.82
2017-04-13 10:13:51,170.74,170.82
2017-04-13 10:13:52,170.74,170.82
2017-04-13 10:13:53,170.74,170.82
2017-04-13 10:13:54,170.74,170.82
2017-04-13 10:13:55,170.71,170.78
2017-04-13 10:13:56,170.71,170.77
2017-04-13 10:13:57,170.69,170.75
2017-04-13 10:13:58,170.68,170.75
2017-04-13 10:13:59,170.68,170.75
2017-04-13 10:14:00,170.68,170.75
2017-04-13 10:14:01,170.68,170.75
2017-04-13 10:14:02,170.68,170.75
2017-04-13 10:14:03,170.68,170.73
2017-04-13 10:14:04,170.68,170.73
2017-04-13 10:14:05,170.67,170.7
2017-04-13 10:14:06,170.67,170.7
2017-04-13 10:14:07,170.67,170.7
2017-04-13 10:14:08,170.67,170.7
2017-04-13 10:14:09,170.67,170.7
2017-04-13 10:14:10,170.67,170.7
2017-04-13 10:14:11,170.67,170.7
2017-04-13 10:14:12,170.67,170.7
2017-04-13 10:14:13,170.67,170.72
2017-04-13 10:14:14,170.7,170.76
2017-04-13 10:14:15,170.7,170.76
2017-04-13 10:14:16,170.7,170.76
2017-04-13 10:14:17,170.7,170.76
2017-04-13 10:14:18,170.73,170.79
2017-04-13 10:14:19,170.74,170.84
2017-04-13 10:14:20,170.76,170.87
2017-04-13 10:14:21,170.76,170.87
2017-04-13 10:14:22,170.76,170.86
2017-04-13 10:14:23,170.76,170.86
2017-04-13 10:14:24,170.76,170.86
2017-04-13 10:14:25,170.76,170.86
2017-04-13 10:14:26,170.76,170.86
2017-04-13 10:14:27,170.76,170.86
2017-04-13 10:14:28,170.76,170.86
2017-04-13 10:14:29,170.76,170.86
2017-04-13 10:14:30,170.76,170.86
2017-04-13 10:14:31,170.76,170.85
2017-04-13 10:14:32,170.76,170.84
2017-04-13 10:14:33,170.8,170.84
2017-04-13 10:14:34,170.8,170.84
2017-04-13 10:14:35,170.8,170.86
2017-04-13 10:14:36,170.8,170.86
2017-04-13 10:14:37,170.8,170.86
2017-04-13 10:14:38,170.8,170.86
2017-04-13 10:14:39,170.8,170.86
2017-04-13 10:14:40,170.81,170.86
2017-04-13 10:14:41,170.82,170.86
2017-04-13 10:14:42,170.82,170.86
2017-04-13 10:14:43,170.82,170.86
2017-04-13 10:14:44,170.82,170.86
2017-04-13 10:14:45,170.82,170.86
2017-04-13 10:14:46,170.82,170.86
2017-04-13 10:14:47,170.82,170.86
2017-04-13 10:14:48,170.82,170.86
2017-04-13 10:14:49,170.82,170.86
2017-04-13 10:14:50,170.82,170.86
2017-04-13 10:14:51,170.82,170.86
2017-04-13 10:14:52,170.82,170.86
2017-04-13 10:14:53,170.82,170.86
2017-04-13 10:14:54,170.82,170.86
2017-04-13 10:14:55,170.82,170.86
2017-04-13 10:14:56,170.82,170.86
2017-04-13 10:14:57,170.82,170.86
2017-04-13 10:14:58,170.79,170.84
2017-04-13 10:14:59,170.79,170.84
2017-04-13 10:15:00,170.67,170.75
2017-04-13 10:15:01,170.67,170.72
2017-04-13 10:15:02,170.69,170.75
2017-04-13 10:15:03,170.69,170.75
2017-04-13 10:15:04,170.71,170.75
2017-04-13 10:15:05,170.71,170.75
2017-04-13 10:15:06,170.71,170.75
2017-04-13 10:15:07,170.71,170.75
2017-04-13 10:15:08,170.71,170.75
2017-04-13 10:15:09,170.72,170.79
2017-04-13 10:15:10,170.72,170.79
2017-04-13 10:15:11,170.72,170.79
2017-04-13 10:15:12,170.72,170.79
2017-04-13 10:15:13,170.75,170.8
2017-04-13 10:15:14,170.75,170.8
2017-04-13 10:15:15,170.75,170.8
2017-04-13 10:15:16,170.75,170.8
2017-04-13 10:15:17,170.75,170.81
2017-04-13 10:15:18,170.75,170.81
2017-04-13 10:15:19,170.75,170.81
2017-04-13 10:15:20,170.75,170.81
2017-04-13 10:15:21,170.75,170.81
2017-04-13 10:15:22,170.75,170.81
2017-04-13 10:15:23,170.75,170.81
2017-04-13 10:15:24,170.75,170.81
2017-04-13 10:15:25,170.74,170.8
2017-04-13 10:15:26,170.74,170.8
2017-04-13 10:15:27,170.75,170.8
2017-04-13 10:15:28,170.75,170.8
2017-04-13 10:15:29,170.75,170.8
2017-04-13 10:15:30,170.75,170.8
2017-04-13 10:15:31,170.75,170.81
2017-04-13 10:15:32,170.75,170.81
2017-04-13 10:15:33,170.75,170.81
2017-04-13 10:15:34,170.75,170.81
2017-04-13 10:15:35,170.75,170.81
2017-04-13 10:15:36,170.75,170.81
2017-04-13 10:15:37,170.75,170.81
2017-04-13 10:15:38,170.75,170.81
2017-04-13 10:15:39,170.75,170.81
2017-04-13 10:15:40,170.75,170.81
2017-04-13 10:15:41,170.75,170.81
2017-04-13 10:15:42,170.75,170.81
2017-04-13 10:15:43,170.75,170.81
2017-04-13 10:15:44,170.75,170.81
2017-04-13 10:15:45,170.75,170.81
2017-04-13 10:15:46,170.75,170.81
2017-04-13 10:15:47,170.75,170.81
2017-04-13 10:15:48,170.75,170.81
2017-04-13 10:15:49,170.76,170.82
2017-04-13 10:15:50,170.76,170.82
2017-04-13 10:15:51,170.76,170.82
2017-04-13 10:15:52,170.76,170.82
2017-04-13 10:15:53,170.76,170.81
2017-04-13 10:15:54,170.76,170.82
2017-04-13 10:15:55,170.76,170.82
2017-04-13 10:15:56,170.76,170.82
2017-04-13 10:15:57,170.76,170.82
2017-04-13 10:15:58,170.76,170.82
2017-04-13 10:15:59,170.76,170.82
2017-04-13 10:16:00,170.76,170.82
2017-04-13 10:16:01,170.76,170.82
2017-04-13 10:16:02,170.76,170.81
2017-04-13 10:16:03,170.76,170.81
2017-04-13 10:16:04,170.76,170.81
2017-04-13 10:16:05,170.76,170.81
2017-04-13 10:16:06,170.76,170.81
2017-04-13 10:16:07,170.76,170.81
2017-04-13 10:16:08,170.76,170.8
2017-04-13 10:16:09,170.76,170.8
2017-04-13 10:16:10,170.77,170.8
2017-04-13 10:16:11,170.77,170.8
2017-04-13 10:16:12,170.77,170.8
2017-04-13 10:16:13,170.76,170.8
2017-04-13 10:16:14,170.76,170.8
2017-04-13 10:16:15,170.76,170.8
2017-04-13 10:16:16,170.76,170.8
2017-04-13 10:16:17,170.76,170.8
2017-04-13 10:16:18,170.76,170.8
2017-04-13 10:16:19,170.77,170.8
2017-04-13 10:16:20,170.77,170.79
2017-04-13 10:16:21,170.77,170.8
2017-04-13 10:16:22,170.77,170.8
2017-04-13 10:16:23,170.77,170.8
2017-04-13 10:16:24,170.77,170.79
2017-04-13 10:16:25,170.77,170.8
2017-04-13 10:16:26,170.77,170.8
2017-04-13 10:16:27,170.76,170.79
2017-04-13 10:16:28,170.76,170.79
2017-04-13 10:16:29,170.76,170.79
2017-04-13 10:16:30,170.76,170.79
2017-04-13 10:16:31,170.76,170.79
2017-04-13 10:16:32,170.72,170.75
2017-04-13 10:16:33,170.72,170.75
2017-04-13 10:16:34,170.72,170.75
2017-04-13 10:16:35,170.72,170.75
2017-04-13 10:16:36,170.72,170.75
2017-04-13 10:16:37,170.72,170.75
2017-04-13 10:16:38,170.72,170.75
2017-04-13 10:16:39,170.72,170.75
2017-04-13 10:16:40,170.72,170.75
2017-04-13 10:16:41,170.72,170.75
2017-04-13 10:16:42,170.72,170.75
2017-04-13 10:16:43,170.72,170.75
2017-04-13 10:16:44,170.68,170.74
2017-04-13 10:16:45,170.68,170.74
2017-04-13 10:16:46,170.68,170.74
2017-04-13 10:16:47,170.68,170.74
2017-04-13 10:16:48,170.68,170.74
2017-04-13 10:16:49,170.68,170.74
2017-04-13 10:16:50,170.68,170.74
2017-04-13 10:16:51,170.68,170.74
2017-04-13 10:16:52,170.68,170.74
2017-04-13 10:16:53,170.68,170.74
2017-04-13 10:16:54,170.7,170.74
2017-04-13 10:16:55,170.7,170.75
2017-04-13 10:16:56,170.7,170.75
2017-04-13 10:16:57,170.7,170.75
2017-04-13 10:16:58,170.71,170.77
2017-04-13 10:16:59,170.71,170.77
2017-04-13 10:17:00,170.71,170.77
2017-04-13 10:17:01,170.71,170.77
2017-04-13 10:17:02,170.71,170.77
2017-04-13 10:17:03,170.71,170.77
2017-04-13 10:17:04,170.71,170.77
2017-04-13 10:17:05,170.71,170.75
2017-04-13 10:17:06,170.71,170.75
2017-04-13 10:17:07,170.71,170.75
2017-04-13 10:17:08,170.71,170.74
2017-04-13 10:17:09,170.71,170.74
2017-04-13 10:17:10,170.71,170.74
2017-04-13 10:17:11,170.71,170.74
2017-04-13 10:17:12,170.71,170.74
2017-04-13 10:17:13,170.71,170.74
2017-04-13 10:17:14,170.71,170.74
2017-04-13 10:17:15,170.71,170.74
2017-04-13 10:17:16,170.71,170.74
2017-04-13 10:17:17,170.72,170.76
2017-04-13 10:17:18,170.72,170.76
2017-04-13 10:17:19,170.72,170.76
2017-04-13 10:17:20,170.72,170.76
2017-04-13 10:17:21,170.73,170.76
2017-04-13 10:17:22,170.73,170.76
2017-04-13 10:17:23,170.73,170.76
2017-04-13 10:17:24,170.74,170.77
2017-04-13 10:17:25,170.74,170.8
2017-04-13 10:17:26,170.74,170.8
2017-04-13 10:17:27,170.74,170.8
2017-04-13 10:17:28,170.74,170.8
2017-04-13 10:17:29,170.74,170.8
2017-04-13 10:17:30,170.74,170.8
2017-04-13 10:17:31,170.74,170.8
2017-04-13 10:17:32,170.74,170.8
2017-04-13 10:17:33,170.74,170.8
2017-04-13 10:17:34,170.74,170.8
2017-04-13 10:17:35,170.74,170.8
2017-04-13 10:17:36,170.74,170.8
2017-04-13 10:17:37,170.76,170.83
2017-04-13 10:17:38,170.77,170.82
2017-04-13 10:17:39,170.77,170.82
2017-04-13 10:17:40,170.77,170.82
2017-04-13 10:17:41,170.77,170.83
2017-04-13 10:17:42,170.78,170.82
2017-04-13 10:17:43,170.77,170.81
2017-04-13 10:17:44,170.79,170.85
2017-04-13 10:17:45,170.79,170.85
2017-04-13 10:17:46,170.79,170.85
2017-04-13 10:17:47,170.79,170.85
2017-04-13 10:17:48,170.79,170.85
2017-04-13 10:17:49,170.79,170.85
2017-04-13 10:17:50,170.79,170.85
2017-04-13 10:17:51,170.79,170.85
2017-04-13 10:17:52,170.8,170.85
2017-04-13 10:17:53,170.79,170.85
2017-04-13 10:17:54,170.79,170.85
2017-04-13 10:17:55,170.79,170.85
2017-04-13 10:17:56,170.79,170.85
2017-04-13 10:17:57,170.79,170.85
2017-04-13 10:17:58,170.81,170.85
2017-04-13 10:17:59,170.82,170.87
2017-04-13 10:18:00,170.82,170.87
2017-04-13 10:18:01,170.82,170.86
2017-04-13 10:18:02,170.77,170.84
2017-04-13 10:18:03,170.77,170.84
2017-04-13 10:18:04,170.77,170.84
2017-04-13 10:18:05,170.77,170.84
2017-04-13 10:18:06,170.77,170.84
2017-04-13 10:18:07,170.77,170.84
2017-04-13 10:18:08,170.77,170.84
2017-04-13 10:18:09,170.77,170.84
2017-04-13 10:18:10,170.77,170.84
2017-04-13 10:18:11,170.77,170.84
2017-04-13 10:18:12,170.79,170.84
2017-04-13 10:18:13,170.79,170.83
2017-04-13 10:18:14,170.79,170.83
2017-04-13 10:18:15,170.79,170.83
2017-04-13 10:18:16,170.79,170.83
2017-04-13 10:18:17,170.79,170.83
2017-04-13 10:18:18,170.79,170.83
2017-04-13 10:18:19,170.79,170.83
2017-04-13 10:18:20,170.79,170.83
2017-04-13 10:18:21,170.79,170.83
2017-04-13 10:18:22,170.77,170.81
2017-04-13 10:18:23,170.74,170.76
2017-04-13 10:18:24,170.75,170.76
2017-04-13 10:18:25,170.75,170.77
2017-04-13 10:18:26,170.75,170.77
2017-04-13 10:18:27,170.75,170.77
2017-04-13 10:18:28,170.75,170.77
2017-04-13 10:18:29,170.75,170.77
2017-04-13 10:18:30,170.75,170.77
2017-04-13 10:18:31,170.74,170.76
2017-04-13 10:18:32,170.74,170.77
2017-04-13 10:18:33,170.74,170.77
2017-04-13 10:18:34,170.74,170.77
2017-04-13 10:18:35,170.74,170.77
2017-04-13 10:18:36,170.74,170.77
2017-04-13 10:18:37,170.74,170.77
2017-04-13 10:18:38,170.74,170.77
2017-04-13 10:18:39,170.74,170.77
2017-04-13 10:18:40,170.74,170.77
2017-04-13 10:18:41,170.74,170.77
2017-04-13 10:18:42,170.75,170.8
2017-04-13 10:18:43,170.76,170.8
2017-04-13 10:18:44,170.76,170.8
2017-04-13 10:18:45,170.76,170.8
2017-04-13 10:18:46,170.76,170.86
2017-04-13 10:18:47,170.76,170.87
2017-04-13 10:18:48,170.76,170.87
2017-04-13 10:18:49,170.76,170.87
2017-04-13 10:18:50,170.76,170.87
2017-04-13 10:18:51,170.76,170.87
2017-04-13 10:18:52,170.76,170.87
2017-04-13 10:18:53,170.76,170.87
2017-04-13 10:18:54,170.76,170.87
2017-04-13 10:18:55,170.76,170.87
2017-04-13 10:18:56,170.76,170.85
2017-04-13 10:18:57,170.76,170.85
2017-04-13 10:18:58,170.76,170.85
2017-04-13 10:18:59,170.76,170.85
2017-04-13 10:19:00,170.76,170.85
2017-04-13 10:19:01,170.77,170.85
2017-04-13 10:19:02,170.78,170.85
2017-04-13 10:19:03,170.78,170.85
2017-04-13 10:19:04,170.78,170.85
2017-04-13 10:19:05,170.78,170.85
2017-04-13 10:19:06,170.78,170.85
2017-04-13 10:19:07,170.78,170.85
2017-04-13 10:19:08,170.78,170.85
2017-04-13 10:19:09,170.78,170.85
2017-04-13 10:19:10,170.78,170.85
2017-04-13 10:19:11,170.78,170.85
2017-04-13 10:19:12,170.78,170.85
2017-04-13 10:19:13,170.78,170.85
2017-04-13 10:19:14,170.78,170.85
2017-04-13 10:19:15,170.78,170.85
2017-04-13 10:19:16,170.78,170.85
2017-04-13 10:19:17,170.78,170.85
2017-04-13 10:19:18,170.78,170.85
2017-04-13 10:19:19,170.78,170.85
2017-04-13 10:19:20,170.78,170.85
