datetime,direct.bid1,direct.ask1
2017-04-13 09:30:00,26.56,26.57
2017-04-13 09:30:01,26.56,26.57
2017-04-13 09:30:02,26.56,26.58
2017-04-13 09:30:03,26.56,26.59
2017-04-13 09:30:04,26.56,26.57
2017-04-13 09:30:05,26.56,26.57
2017-04-13 09:30:06,26.56,26.59
2017-04-13 09:30:07,26.56,26.59
2017-04-13 09:30:08,26.56,26.59
2017-04-13 09:30:09,26.56,26.57
2017-04-13 09:30:10,26.56,26.57
2017-04-13 09:30:11,26.56,26.57
2017-04-13 09:30:12,26.56,26.57
2017-04-13 09:30:13,26.56,26.57
2017-04-13 09:30:14,26.56,26.59
2017-04-13 09:30:15,26.55,26.57
2017-04-13 09:30:16,26.55,26.57
2017-04-13 09:30:17,26.55,26.57
2017-04-13 09:30:18,26.55,26.57
2017-04-13 09:30:19,26.55,26.57
2017-04-13 09:30:20,26.56,26.59
2017-04-13 09:30:21,26.55,26.57
2017-04-13 09:30:22,26.55,26.57
2017-04-13 09:30:23,26.55,26.57
2017-04-13 09:30:24,26.54,26.55
2017-04-13 09:30:25,26.53,26.54
2017-04-13 09:30:26,26.52,26.53
2017-04-13 09:30:27,26.51,26.53
2017-04-13 09:30:28,26.51,26.53
2017-04-13 09:30:29,26.51,26.53
2017-04-13 09:30:30,26.51,26.53
2017-04-13 09:30:31,26.51,26.53
2017-04-13 09:30:32,26.51,26.53
2017-04-13 09:30:33,26.51,26.53
2017-04-13 09:30:34,26.51,26.53
2017-04-13 09:30:35,26.46,26.48
2017-04-13 09:30:36,26.43,26.45
2017-04-13 09:30:37,26.42,26.44
2017-04-13 09:30:38,26.44,26.45
2017-04-13 09:30:39,26.44,26.45
2017-04-13 09:30:40,26.38,26.4
2017-04-13 09:30:41,26.36,26.4
2017-04-13 09:30:42,26.36,26.39
2017-04-13 09:30:43,26.36,26.39
2017-04-13 09:30:44,26.37,26.39
2017-04-13 09:30:45,26.37,26.39
2017-04-13 09:30:46,26.36,26.38
2017-04-13 09:30:47,26.36,26.37
2017-04-13 09:30:48,26.36,26.38
2017-04-13 09:30:49,26.36,26.41
2017-04-13 09:30:50,26.38,26.41
2017-04-13 09:30:51,26.38,26.41
2017-04-13 09:30:52,26.39,26.42
2017-04-13 09:30:53,26.39,26.42
2017-04-13 09:30:54,26.4,26.43
2017-04-13 09:30:55,26.41,26.43
2017-04-13 09:30:56,26.4,26.43
2017-04-13 09:30:57,26.4,26.43
2017-04-13 09:30:58,26.4,26.43
2017-04-13 09:30:59,26.4,26.43
2017-04-13 09:31:00,26.4,26.43
2017-04-13 09:31:01,26.43,26.45
2017-04-13 09:31:02,26.41,26.45
2017-04-13 09:31:03,26.42,26.45
2017-04-13 09:31:04,26.42,26.45
2017-04-13 09:31:05,26.42,26.45
2017-04-13 09:31:06,26.43,26.45
2017-04-13 09:31:07,26.43,26.45
2017-04-13 09:31:08,26.43,26.45
2017-04-13 09:31:09,26.46,26.49
2017-04-13 09:31:10,26.46,26.49
2017-04-13 09:31:11,26.46,26.49
2017-04-13 09:31:12,26.46,26.5
2017-04-13 09:31:13,26.46,26.5
2017-04-13 09:31:14,26.46,26.5
2017-04-13 09:31:15,26.46,26.5
2017-04-13 09:31:16,26.49,26.54
2017-04-13 09:31:17,26.49,26.54
2017-04-13 09:31:18,26.49,26.54
2017-04-13 09:31:19,26.5,26.54
2017-04-13 09:31:20,26.5,26.54
2017-04-13 09:31:21,26.5,26.54
2017-04-13 09:31:22,26.5,26.54
2017-04-13 09:31:23,26.5,26.54
2017-04-13 09:31:24,26.5,26.54
2017-04-13 09:31:25,26.5,26.54
2017-04-13 09:31:26,26.5,26.54
2017-04-13 09:31:27,26.5,26.54
2017-04-13 09:31:28,26.5,26.54
2017-04-13 09:31:29,26.5,26.54
2017-04-13 09:31:30,26.5,26.54
2017-04-13 09:31:31,26.5,26.54
2017-04-13 09:31:32,26.5,26.54
2017-04-13 09:31:33,26.5,26.54
2017-04-13 09:31:34,26.5,26.54
2017-04-13 09:31:35,26.5,26.54
2017-04-13 09:31:36,26.5,26.54
2017-04-13 09:31:37,26.51,26.54
2017-04-13 09:31:38,26.51,26.54
2017-04-13 09:31:39,26.51,26.54
2017-04-13 09:31:40,26.52,26.54
2017-04-13 09:31:41,26.52,26.54
2017-04-13 09:31:42,26.52,26.54
2017-04-13 09:31:43,26.52,26.54
2017-04-13 09:31:44,26.52,26.54
2017-04-13 09:31:45,26.52,26.54
2017-04-13 09:31:46,26.52,26.54
2017-04-13 09:31:47,26.53,26.56
2017-04-13 09:31:48,26.53,26.56
2017-04-13 09:31:49,26.55,26.56
2017-04-13 09:31:50,26.53,26.56
2017-04-13 09:31:51,26.53,26.56
2017-04-13 09:31:52,26.56,26.6
2017-04-13 09:31:53,26.56,26.6
2017-04-13 09:31:54,26.54,26.57
2017-04-13 09:31:55,26.54,26.6
2017-04-13 09:31:56,26.54,26.6
2017-04-13 09:31:57,26.55,26.6
2017-04-13 09:31:58,26.55,26.6
2017-04-13 09:31:59,26.55,26.6
2017-04-13 09:32:00,26.55,26.6
2017-04-13 09:32:01,26.56,26.6
2017-04-13 09:32:02,26.56,26.6
2017-04-13 09:32:03,26.57,26.6
2017-04-13 09:32:04,26.57,26.6
2017-04-13 09:32:05,26.57,26.6
2017-04-13 09:32:06,26.58,26.6
2017-04-13 09:32:07,26.58,26.6
2017-04-13 09:32:08,26.58,26.6
2017-04-13 09:32:09,26.58,26.6
2017-04-13 09:32:10,26.58,26.6
2017-04-13 09:32:11,26.58,26.6
2017-04-13 09:32:12,26.58,26.6
2017-04-13 09:32:13,26.58,26.6
2017-04-13 09:32:14,26.58,26.6
2017-04-13 09:32:15,26.58,26.6
2017-04-13 09:32:16,26.59,26.6
2017-04-13 09:32:17,26.59,26.6
2017-04-13 09:32:18,26.59,26.6
2017-04-13 09:32:19,26.59,26.6
2017-04-13 09:32:20,26.59,26.6
2017-04-13 09:32:21,26.59,26.6
2017-04-13 09:32:22,26.59,26.6
2017-04-13 09:32:23,26.59,26.6
2017-04-13 09:32:24,26.6,26.61
2017-04-13 09:32:25,26.59,26.6
2017-04-13 09:32:26,26.59,26.6
2017-04-13 09:32:27,26.59,26.6
2017-04-13 09:32:28,26.59,26.61
2017-04-13 09:32:29,26.6,26.61
2017-04-13 09:32:30,26.6,26.62
2017-04-13 09:32:31,26.62,26.64
2017-04-13 09:32:32,26.62,26.64
2017-04-13 09:32:33,26.62,26.64
2017-04-13 09:32:34,26.62,26.64
2017-04-13 09:32:35,26.62,26.64
2017-04-13 09:32:36,26.62,26.64
2017-04-13 09:32:37,26.63,26.65
2017-04-13 09:32:38,26.64,26.66
2017-04-13 09:32:39,26.64,26.66
2017-04-13 09:32:40,26.64,26.66
2017-04-13 09:32:41,26.64,26.66
2017-04-13 09:32:42,26.64,26.66
2017-04-13 09:32:43,26.64,26.66
2017-04-13 09:32:44,26.65,26.66
2017-04-13 09:32:45,26.65,26.66
2017-04-13 09:32:46,26.66,26.67
2017-04-13 09:32:47,26.66,26.67
2017-04-13 09:32:48,26.65,26.66
2017-04-13 09:32:49,26.65,26.66
2017-04-13 09:32:50,26.65,26.66
2017-04-13 09:32:51,26.65,26.66
2017-04-13 09:32:52,26.63,26.64
2017-04-13 09:32:53,26.63,26.65
2017-04-13 09:32:54,26.63,26.65
2017-04-13 09:32:55,26.63,26.65
2017-04-13 09:32:56,26.63,26.65
2017-04-13 09:32:57,26.63,26.65
2017-04-13 09:32:58,26.63,26.65
2017-04-13 09:32:59,26.62,26.63
2017-04-13 09:33:00,26.62,26.63
2017-04-13 09:33:01,26.62,26.63
2017-04-13 09:33:02,26.63,26.64
2017-04-13 09:33:03,26.63,26.64
2017-04-13 09:33:04,26.63,26.64
2017-04-13 09:33:05,26.63,26.64
2017-04-13 09:33:06,26.63,26.64
2017-04-13 09:33:07,26.63,26.64
2017-04-13 09:33:08,26.63,26.64
2017-04-13 09:33:09,26.63,26.64
2017-04-13 09:33:10,26.63,26.64
2017-04-13 09:33:11,26.63,26.64
2017-04-13 09:33:12,26.63,26.64
2017-04-13 09:33:13,26.64,26.65
2017-04-13 09:33:14,26.62,26.63
2017-04-13 09:33:15,26.62,26.63
2017-04-13 09:33:16,26.62,26.63
2017-04-13 09:33:17,26.62,26.63
2017-04-13 09:33:18,26.62,26.63
2017-04-13 09:33:19,26.63,26.64
2017-04-13 09:33:20,26.63,26.64
2017-04-13 09:33:21,26.63,26.64
2017-04-13 09:33:22,26.63,26.64
2017-04-13 09:33:23,26.63,26.64
2017-04-13 09:33:24,26.63,26.64
2017-04-13 09:33:25,26.63,26.64
2017-04-13 09:33:26,26.61,26.62
2017-04-13 09:33:27,26.58,26.59
2017-04-13 09:33:28,26.58,26.59
2017-04-13 09:33:29,26.57,26.58
2017-04-13 09:33:30,26.55,26.58
2017-04-13 09:33:31,26.56,26.57
2017-04-13 09:33:32,26.56,26.58
2017-04-13 09:33:33,26.56,26.57
2017-04-13 09:33:34,26.56,26.57
2017-04-13 09:33:35,26.55,26.57
2017-04-13 09:33:36,26.55,26.57
2017-04-13 09:33:37,26.55,26.57
2017-04-13 09:33:38,26.55,26.57
2017-04-13 09:33:39,26.55,26.56
2017-04-13 09:33:40,26.55,26.56
2017-04-13 09:33:41,26.55,26.56
2017-04-13 09:33:42,26.55,26.56
2017-04-13 09:33:43,26.55,26.56
2017-04-13 09:33:44,26.55,26.56
2017-04-13 09:33:45,26.55,26.57
2017-04-13 09:33:46,26.55,26.57
2017-04-13 09:33:47,26.54,26.55
2017-04-13 09:33:48,26.54,26.55
2017-04-13 09:33:49,26.54,26.56
2017-04-13 09:33:50,26.54,26.56
2017-04-13 09:33:51,26.54,26.55
2017-04-13 09:33:52,26.5,26.51
2017-04-13 09:33:53,26.5,26.51
2017-04-13 09:33:54,26.5,26.52
2017-04-13 09:33:55,26.5,26.52
2017-04-13 09:33:56,26.5,26.52
2017-04-13 09:33:57,26.5,26.52
2017-04-13 09:33:58,26.5,26.52
2017-04-13 09:33:59,26.5,26.52
2017-04-13 09:34:00,26.5,26.52
2017-04-13 09:34:01,26.54,26.55
2017-04-13 09:34:02,26.56,26.57
2017-04-13 09:34:03,26.55,26.57
2017-04-13 09:34:04,26.56,26.57
2017-04-13 09:34:05,26.57,26.58
2017-04-13 09:34:06,26.57,26.58
2017-04-13 09:34:07,26.57,26.58
2017-04-13 09:34:08,26.6,26.63
2017-04-13 09:34:09,26.6,26.63
2017-04-13 09:34:10,26.6,26.63
2017-04-13 09:34:11,26.6,26.63
2017-04-13 09:34:12,26.61,26.63
2017-04-13 09:34:13,26.61,26.63
2017-04-13 09:34:14,26.63,26.64
2017-04-13 09:34:15,26.63,26.64
2017-04-13 09:34:16,26.63,26.64
2017-04-13 09:34:17,26.63,26.64
2017-04-13 09:34:18,26.63,26.64
2017-04-13 09:34:19,26.63,26.64
2017-04-13 09:34:20,26.63,26.64
2017-04-13 09:34:21,26.63,26.64
2017-04-13 09:34:22,26.63,26.64
2017-04-13 09:34:23,26.63,26.64
2017-04-13 09:34:24,26.63,26.64
2017-04-13 09:34:25,26.65,26.66
2017-04-13 09:34:26,26.65,26.66
2017-04-13 09:34:27,26.66,26.67
2017-04-13 09:34:28,26.66,26.67
2017-04-13 09:34:29,26.65,26.66
2017-04-13 09:34:30,26.65,26.66
2017-04-13 09:34:31,26.65,26.67
2017-04-13 09:34:32,26.67,26.68
2017-04-13 09:34:33,26.67,26.68
2017-04-13 09:34:34,26.67,26.68
2017-04-13 09:34:35,26.64,26.66
2017-04-13 09:34:36,26.64,26.66
2017-04-13 09:34:37,26.64,26.66
2017-04-13 09:34:38,26.64,26.65
2017-04-13 09:34:39,26.63,26.64
2017-04-13 09:34:40,26.63,26.64
2017-04-13 09:34:41,26.63,26.64
2017-04-13 09:34:42,26.64,26.65
2017-04-13 09:34:43,26.65,26.67
2017-04-13 09:34:44,26.66,26.67
2017-04-13 09:34:45,26.66,26.68
2017-04-13 09:34:46,26.66,26.68
2017-04-13 09:34:47,26.67,26.68
2017-04-13 09:34:48,26.67,26.68
2017-04-13 09:34:49,26.67,26.68
2017-04-13 09:34:50,26.68,26.69
2017-04-13 09:34:51,26.68,26.69
2017-04-13 09:34:52,26.68,26.69
2017-04-13 09:34:53,26.68,26.69
2017-04-13 09:34:54,26.68,26.69
2017-04-13 09:34:55,26.68,26.69
2017-04-13 09:34:56,26.68,26.69
2017-04-13 09:34:57,26.68,26.69
2017-04-13 09:34:58,26.68,26.69
2017-04-13 09:34:59,26.68,26.69
2017-04-13 09:35:00,26.68,26.69
2017-04-13 09:35:01,26.64,26.65
2017-04-13 09:35:02,26.64,26.65
2017-04-13 09:35:03,26.63,26.64
2017-04-13 09:35:04,26.63,26.64
2017-04-13 09:35:05,26.62,26.64
2017-04-13 09:35:06,26.62,26.64
2017-04-13 09:35:07,26.62,26.64
2017-04-13 09:35:08,26.62,26.63
2017-04-13 09:35:09,26.62,26.63
2017-04-13 09:35:10,26.62,26.63
2017-04-13 09:35:11,26.59,26.61
2017-04-13 09:35:12,26.6,26.61
2017-04-13 09:35:13,26.62,26.63
2017-04-13 09:35:14,26.62,26.63
2017-04-13 09:35:15,26.62,26.63
2017-04-13 09:35:16,26.62,26.63
2017-04-13 09:35:17,26.63,26.64
2017-04-13 09:35:18,26.63,26.64
2017-04-13 09:35:19,26.63,26.64
2017-04-13 09:35:20,26.63,26.64
2017-04-13 09:35:21,26.63,26.64
2017-04-13 09:35:22,26.63,26.64
2017-04-13 09:35:23,26.62,26.63
2017-04-13 09:35:24,26.62,26.63
2017-04-13 09:35:25,26.62,26.63
2017-04-13 09:35:26,26.62,26.63
2017-04-13 09:35:27,26.62,26.63
2017-04-13 09:35:28,26.63,26.64
2017-04-13 09:35:29,26.63,26.64
2017-04-13 09:35:30,26.64,26.65
2017-04-13 09:35:31,26.65,26.66
2017-04-13 09:35:32,26.65,26.66
2017-04-13 09:35:33,26.65,26.66
2017-04-13 09:35:34,26.65,26.67
2017-04-13 09:35:35,26.65,26.67
2017-04-13 09:35:36,26.67,26.68
2017-04-13 09:35:37,26.67,26.68
2017-04-13 09:35:38,26.67,26.69
2017-04-13 09:35:39,26.67,26.69
2017-04-13 09:35:40,26.67,26.69
2017-04-13 09:35:41,26.67,26.68
2017-04-13 09:35:42,26.68,26.69
2017-04-13 09:35:43,26.68,26.69
2017-04-13 09:35:44,26.68,26.69
2017-04-13 09:35:45,26.68,26.69
2017-04-13 09:35:46,26.68,26.69
2017-04-13 09:35:47,26.68,26.69
2017-04-13 09:35:48,26.68,26.69
2017-04-13 09:35:49,26.68,26.69
2017-04-13 09:35:50,26.69,26.7
2017-04-13 09:35:51,26.69,26.7
2017-04-13 09:35:52,26.68,26.69
2017-04-13 09:35:53,26.7,26.71
2017-04-13 09:35:54,26.69,26.7
2017-04-13 09:35:55,26.7,26.71
2017-04-13 09:35:56,26.7,26.71
2017-04-13 09:35:57,26.68,26.69
2017-04-13 09:35:58,26.68,26.7
2017-04-13 09:35:59,26.69,26.7
2017-04-13 09:36:00,26.69,26.7
2017-04-13 09:36:01,26.7,26.71
2017-04-13 09:36:02,26.7,26.71
2017-04-13 09:36:03,26.7,26.71
2017-04-13 09:36:04,26.7,26.71
2017-04-13 09:36:05,26.72,26.73
2017-04-13 09:36:06,26.72,26.73
2017-04-13 09:36:07,26.72,26.74
2017-04-13 09:36:08,26.72,26.73
2017-04-13 09:36:09,26.72,26.73
2017-04-13 09:36:10,26.72,26.73
2017-04-13 09:36:11,26.72,26.73
2017-04-13 09:36:12,26.7,26.71
2017-04-13 09:36:13,26.7,26.71
2017-04-13 09:36:14,26.7,26.71
2017-04-13 09:36:15,26.69,26.7
2017-04-13 09:36:16,26.69,26.7
2017-04-13 09:36:17,26.69,26.7
2017-04-13 09:36:18,26.69,26.7
2017-04-13 09:36:19,26.68,26.69
2017-04-13 09:36:20,26.67,26.68
2017-04-13 09:36:21,26.68,26.69
2017-04-13 09:36:22,26.68,26.69
2017-04-13 09:36:23,26.69,26.7
2017-04-13 09:36:24,26.7,26.71
2017-04-13 09:36:25,26.7,26.71
2017-04-13 09:36:26,26.7,26.71
2017-04-13 09:36:27,26.7,26.71
2017-04-13 09:36:28,26.7,26.71
2017-04-13 09:36:29,26.7,26.71
2017-04-13 09:36:30,26.7,26.71
2017-04-13 09:36:31,26.7,26.71
2017-04-13 09:36:32,26.7,26.71
2017-04-13 09:36:33,26.71,26.72
2017-04-13 09:36:34,26.71,26.72
2017-04-13 09:36:35,26.72,26.72
2017-04-13 09:36:36,26.72,26.72
2017-04-13 09:36:37,26.72,26.72
2017-04-13 09:36:38,26.72,26.73
2017-04-13 09:36:39,26.73,26.74
2017-04-13 09:36:40,26.73,26.74
2017-04-13 09:36:41,26.73,26.74
2017-04-13 09:36:42,26.73,26.74
2017-04-13 09:36:43,26.72,26.73
2017-04-13 09:36:44,26.72,26.73
2017-04-13 09:36:45,26.7,26.71
2017-04-13 09:36:46,26.7,26.71
2017-04-13 09:36:47,26.7,26.71
2017-04-13 09:36:48,26.69,26.7
2017-04-13 09:36:49,26.69,26.71
2017-04-13 09:36:50,26.69,26.71
2017-04-13 09:36:51,26.69,26.71
2017-04-13 09:36:52,26.69,26.71
2017-04-13 09:36:53,26.69,26.71
2017-04-13 09:36:54,26.68,26.69
2017-04-13 09:36:55,26.68,26.69
2017-04-13 09:36:56,26.68,26.69
2017-04-13 09:36:57,26.68,26.69
2017-04-13 09:36:58,26.68,26.69
2017-04-13 09:36:59,26.68,26.69
2017-04-13 09:37:00,26.67,26.68
2017-04-13 09:37:01,26.68,26.69
2017-04-13 09:37:02,26.68,26.69
2017-04-13 09:37:03,26.69,26.7
2017-04-13 09:37:04,26.69,26.7
2017-04-13 09:37:05,26.7,26.71
2017-04-13 09:37:06,26.7,26.71
2017-04-13 09:37:07,26.7,26.71
2017-04-13 09:37:08,26.7,26.71
2017-04-13 09:37:09,26.7,26.71
2017-04-13 09:37:10,26.72,26.73
2017-04-13 09:37:11,26.72,26.73
2017-04-13 09:37:12,26.72,26.73
2017-04-13 09:37:13,26.72,26.73
2017-04-13 09:37:14,26.74,26.75
2017-04-13 09:37:15,26.74,26.75
2017-04-13 09:37:16,26.77,26.78
2017-04-13 09:37:17,26.77,26.78
2017-04-13 09:37:18,26.77,26.78
2017-04-13 09:37:19,26.77,26.78
2017-04-13 09:37:20,26.77,26.78
2017-04-13 09:37:21,26.76,26.77
2017-04-13 09:37:22,26.76,26.77
2017-04-13 09:37:23,26.76,26.77
2017-04-13 09:37:24,26.75,26.76
2017-04-13 09:37:25,26.73,26.74
2017-04-13 09:37:26,26.73,26.74
2017-04-13 09:37:27,26.73,26.74
2017-04-13 09:37:28,26.73,26.74
2017-04-13 09:37:29,26.72,26.73
2017-04-13 09:37:30,26.72,26.73
2017-04-13 09:37:31,26.74,26.75
2017-04-13 09:37:32,26.74,26.75
2017-04-13 09:37:33,26.73,26.74
2017-04-13 09:37:34,26.73,26.74
2017-04-13 09:37:35,26.73,26.74
2017-04-13 09:37:36,26.73,26.74
2017-04-13 09:37:37,26.73,26.74
2017-04-13 09:37:38,26.73,26.74
2017-04-13 09:37:39,26.73,26.74
2017-04-13 09:37:40,26.73,26.74
2017-04-13 09:37:41,26.74,26.75
2017-04-13 09:37:42,26.74,26.75
2017-04-13 09:37:43,26.75,26.76
2017-04-13 09:37:44,26.75,26.76
2017-04-13 09:37:45,26.75,26.76
2017-04-13 09:37:46,26.75,26.76
2017-04-13 09:37:47,26.75,26.76
2017-04-13 09:37:48,26.76,26.77
2017-04-13 09:37:49,26.76,26.77
2017-04-13 09:37:50,26.78,26.79
2017-04-13 09:37:51,26.78,26.79
2017-04-13 09:37:52,26.78,26.79
2017-04-13 09:37:53,26.78,26.79
2017-04-13 09:37:54,26.77,26.78
2017-04-13 09:37:55,26.77,26.78
2017-04-13 09:37:56,26.78,26.79
2017-04-13 09:37:57,26.78,26.79
2017-04-13 09:37:58,26.77,26.78
2017-04-13 09:37:59,26.77,26.78
2017-04-13 09:38:00,26.77,26.78
2017-04-13 09:38:01,26.77,26.78
2017-04-13 09:38:02,26.77,26.78
2017-04-13 09:38:03,26.77,26.78
2017-04-13 09:38:04,26.77,26.78
2017-04-13 09:38:05,26.74,26.75
2017-04-13 09:38:06,26.74,26.75
2017-04-13 09:38:07,26.74,26.75
2017-04-13 09:38:08,26.74,26.75
2017-04-13 09:38:09,26.74,26.75
2017-04-13 09:38:10,26.74,26.75
2017-04-13 09:38:11,26.73,26.74
2017-04-13 09:38:12,26.73,26.74
2017-04-13 09:38:13,26.76,26.77
2017-04-13 09:38:14,26.77,26.78
2017-04-13 09:38:15,26.78,26.79
2017-04-13 09:38:16,26.79,26.8
2017-04-13 09:38:17,26.8,26.81
2017-04-13 09:38:18,26.8,26.81
2017-04-13 09:38:19,26.81,26.82
2017-04-13 09:38:20,26.79,26.8
2017-04-13 09:38:21,26.79,26.8
2017-04-13 09:38:22,26.8,26.81
2017-04-13 09:38:23,26.81,26.82
2017-04-13 09:38:24,26.81,26.82
2017-04-13 09:38:25,26.81,26.82
2017-04-13 09:38:26,26.81,26.82
2017-04-13 09:38:27,26.82,26.83
2017-04-13 09:38:28,26.82,26.83
2017-04-13 09:38:29,26.82,26.83
2017-04-13 09:38:30,26.83,26.84
2017-04-13 09:38:31,26.82,26.83
2017-04-13 09:38:32,26.83,26.84
2017-04-13 09:38:33,26.83,26.84
2017-04-13 09:38:34,26.83,26.84
2017-04-13 09:38:35,26.83,26.84
2017-04-13 09:38:36,26.83,26.84
2017-04-13 09:38:37,26.83,26.84
2017-04-13 09:38:38,26.83,26.84
2017-04-13 09:38:39,26.83,26.84
2017-04-13 09:38:40,26.83,26.84
2017-04-13 09:38:41,26.83,26.84
2017-04-13 09:38:42,26.83,26.84
2017-04-13 09:38:43,26.83,26.84
2017-04-13 09:38:44,26.83,26.84
2017-04-13 09:38:45,26.83,26.84
2017-04-13 09:38:46,26.83,26.84
2017-04-13 09:38:47,26.83,26.84
2017-04-13 09:38:48,26.83,26.84
2017-04-13 09:38:49,26.83,26.84
2017-04-13 09:38:50,26.83,26.84
2017-04-13 09:38:51,26.83,26.84
2017-04-13 09:38:52,26.83,26.83
2017-04-13 09:38:53,26.83,26.84
2017-04-13 09:38:54,26.83,26.84
2017-04-13 09:38:55,26.83,26.84
2017-04-13 09:38:56,26.84,26.85
2017-04-13 09:38:57,26.84,26.85
2017-04-13 09:38:58,26.83,26.84
2017-04-13 09:38:59,26.85,26.86
2017-04-13 09:39:00,26.86,26.87
2017-04-13 09:39:01,26.86,26.87
2017-04-13 09:39:02,26.86,26.87
2017-04-13 09:39:03,26.84,26.85
2017-04-13 09:39:04,26.84,26.85
2017-04-13 09:39:05,26.84,26.85
2017-04-13 09:39:06,26.84,26.85
2017-04-13 09:39:07,26.83,26.84
2017-04-13 09:39:08,26.83,26.84
2017-04-13 09:39:09,26.83,26.84
2017-04-13 09:39:10,26.83,26.84
2017-04-13 09:39:11,26.83,26.84
2017-04-13 09:39:12,26.85,26.86
2017-04-13 09:39:13,26.84,26.85
2017-04-13 09:39:14,26.78,26.79
2017-04-13 09:39:15,26.78,26.79
2017-04-13 09:39:16,26.78,26.79
2017-04-13 09:39:17,26.78,26.79
2017-04-13 09:39:18,26.79,26.8
2017-04-13 09:39:19,26.81,26.83
2017-04-13 09:39:20,26.82,26.83
2017-04-13 09:39:21,26.82,26.83
2017-04-13 09:39:22,26.82,26.83
2017-04-13 09:39:23,26.83,26.84
2017-04-13 09:39:24,26.79,26.8
2017-04-13 09:39:25,26.8,26.81
2017-04-13 09:39:26,26.8,26.81
2017-04-13 09:39:27,26.8,26.81
2017-04-13 09:39:28,26.83,26.84
2017-04-13 09:39:29,26.82,26.83
2017-04-13 09:39:30,26.82,26.83
2017-04-13 09:39:31,26.82,26.83
2017-04-13 09:39:32,26.82,26.83
2017-04-13 09:39:33,26.82,26.83
2017-04-13 09:39:34,26.82,26.83
2017-04-13 09:39:35,26.83,26.84
2017-04-13 09:39:36,26.83,26.84
2017-04-13 09:39:37,26.83,26.84
2017-04-13 09:39:38,26.83,26.84
2017-04-13 09:39:39,26.83,26.84
2017-04-13 09:39:40,26.82,26.83
2017-04-13 09:39:41,26.83,26.84
2017-04-13 09:39:42,26.83,26.84
2017-04-13 09:39:43,26.83,26.84
2017-04-13 09:39:44,26.83,26.84
2017-04-13 09:39:45,26.85,26.86
2017-04-13 09:39:46,26.85,26.86
2017-04-13 09:39:47,26.85,26.86
2017-04-13 09:39:48,26.85,26.86
2017-04-13 09:39:49,26.85,26.86
2017-04-13 09:39:50,26.85,26.86
2017-04-13 09:39:51,26.85,26.86
2017-04-13 09:39:52,26.86,26.87
2017-04-13 09:39:53,26.86,26.87
2017-04-13 09:39:54,26.87,26.88
2017-04-13 09:39:55,26.86,26.87
2017-04-13 09:39:56,26.87,26.88
2017-04-13 09:39:57,26.86,26.87
2017-04-13 09:39:58,26.86,26.87
2017-04-13 09:39:59,26.85,26.86
2017-04-13 09:40:00,26.85,26.86
2017-04-13 09:40:01,26.85,26.87
2017-04-13 09:40:02,26.84,26.85
2017-04-13 09:40:03,26.85,26.86
2017-04-13 09:40:04,26.85,26.86
2017-04-13 09:40:05,26.84,26.85
2017-04-13 09:40:06,26.84,26.85
2017-04-13 09:40:07,26.84,26.85
2017-04-13 09:40:08,26.84,26.85
2017-04-13 09:40:09,26.84,26.85
2017-04-13 09:40:10,26.79,26.8
2017-04-13 09:40:11,26.79,26.8
2017-04-13 09:40:12,26.79,26.8
2017-04-13 09:40:13,26.8,26.81
2017-04-13 09:40:14,26.8,26.81
2017-04-13 09:40:15,26.81,26.82
2017-04-13 09:40:16,26.81,26.82
2017-04-13 09:40:17,26.81,26.82
2017-04-13 09:40:18,26.81,26.82
2017-04-13 09:40:19,26.82,26.83
2017-04-13 09:40:20,26.82,26.83
2017-04-13 09:40:21,26.81,26.82
2017-04-13 09:40:22,26.8,26.81
2017-04-13 09:40:23,26.8,26.81
2017-04-13 09:40:24,26.81,26.82
2017-04-13 09:40:25,26.82,26.83
2017-04-13 09:40:26,26.82,26.83
2017-04-13 09:40:27,26.82,26.83
2017-04-13 09:40:28,26.82,26.83
2017-04-13 09:40:29,26.83,26.84
2017-04-13 09:40:30,26.83,26.84
2017-04-13 09:40:31,26.83,26.84
2017-04-13 09:40:32,26.83,26.84
2017-04-13 09:40:33,26.83,26.84
2017-04-13 09:40:34,26.83,26.84
2017-04-13 09:40:35,26.83,26.84
2017-04-13 09:40:36,26.83,26.84
2017-04-13 09:40:37,26.84,26.85
2017-04-13 09:40:38,26.84,26.85
2017-04-13 09:40:39,26.84,26.85
2017-04-13 09:40:40,26.84,26.85
2017-04-13 09:40:41,26.84,26.85
2017-04-13 09:40:42,26.84,26.85
2017-04-13 09:40:43,26.84,26.85
2017-04-13 09:40:44,26.83,26.84
2017-04-13 09:40:45,26.83,26.84
2017-04-13 09:40:46,26.84,26.85
2017-04-13 09:40:47,26.84,26.85
2017-04-13 09:40:48,26.83,26.84
2017-04-13 09:40:49,26.84,26.85
2017-04-13 09:40:50,26.84,26.85
2017-04-13 09:40:51,26.84,26.85
2017-04-13 09:40:52,26.84,26.85
2017-04-13 09:40:53,26.84,26.85
2017-04-13 09:40:54,26.84,26.85
2017-04-13 09:40:55,26.84,26.85
2017-04-13 09:40:56,26.84,26.85
2017-04-13 09:40:57,26.84,26.85
2017-04-13 09:40:58,26.84,26.85
2017-04-13 09:40:59,26.84,26.85
2017-04-13 09:41:00,26.84,26.85
2017-04-13 09:41:01,26.84,26.85
2017-04-13 09:41:02,26.84,26.85
2017-04-13 09:41:03,26.84,26.85
2017-04-13 09:41:04,26.84,26.85
2017-04-13 09:41:05,26.85,26.86
2017-04-13 09:41:06,26.86,26.87
2017-04-13 09:41:07,26.87,26.88
2017-04-13 09:41:08,26.87,26.88
2017-04-13 09:41:09,26.9,26.91
2017-04-13 09:41:10,26.9,26.91
2017-04-13 09:41:11,26.9,26.91
2017-04-13 09:41:12,26.9,26.91
2017-04-13 09:41:13,26.91,26.92
2017-04-13 09:41:14,26.91,26.92
2017-04-13 09:41:15,26.91,26.92
2017-04-13 09:41:16,26.91,26.92
2017-04-13 09:41:17,26.91,26.92
2017-04-13 09:41:18,26.92,26.93
2017-04-13 09:41:19,26.92,26.93
2017-04-13 09:41:20,26.92,26.93
2017-04-13 09:41:21,26.93,26.94
2017-04-13 09:41:22,26.93,26.94
2017-04-13 09:41:23,26.93,26.94
2017-04-13 09:41:24,26.92,26.93
2017-04-13 09:41:25,26.92,26.93
2017-04-13 09:41:26,26.93,26.94
2017-04-13 09:41:27,26.93,26.94
2017-04-13 09:41:28,26.94,26.95
2017-04-13 09:41:29,26.93,26.94
2017-04-13 09:41:30,26.93,26.94
2017-04-13 09:41:31,26.93,26.94
2017-04-13 09:41:32,26.94,26.95
2017-04-13 09:41:33,26.93,26.94
2017-04-13 09:41:34,26.93,26.94
2017-04-13 09:41:35,26.93,26.94
2017-04-13 09:41:36,26.93,26.94
2017-04-13 09:41:37,26.93,26.94
2017-04-13 09:41:38,26.93,26.94
2017-04-13 09:41:39,26.93,26.94
2017-04-13 09:41:40,26.93,26.94
2017-04-13 09:41:41,26.94,26.95
2017-04-13 09:41:42,26.95,26.96
2017-04-13 09:41:43,26.95,26.96
2017-04-13 09:41:44,26.96,26.97
2017-04-13 09:41:45,26.96,26.97
2017-04-13 09:41:46,26.93,26.94
2017-04-13 09:41:47,26.91,26.92
2017-04-13 09:41:48,26.91,26.92
2017-04-13 09:41:49,26.91,26.92
2017-04-13 09:41:50,26.91,26.92
2017-04-13 09:41:51,26.91,26.92
2017-04-13 09:41:52,26.91,26.92
2017-04-13 09:41:53,26.91,26.92
2017-04-13 09:41:54,26.91,26.92
2017-04-13 09:41:55,26.91,26.92
2017-04-13 09:41:56,26.91,26.92
2017-04-13 09:41:57,26.93,26.94
2017-04-13 09:41:58,26.93,26.94
2017-04-13 09:41:59,26.92,26.93
2017-04-13 09:42:00,26.92,26.93
2017-04-13 09:42:01,26.92,26.93
2017-04-13 09:42:02,26.92,26.93
2017-04-13 09:42:03,26.92,26.93
2017-04-13 09:42:04,26.91,26.92
2017-04-13 09:42:05,26.91,26.92
2017-04-13 09:42:06,26.9,26.91
2017-04-13 09:42:07,26.9,26.91
2017-04-13 09:42:08,26.9,26.91
2017-04-13 09:42:09,26.9,26.91
2017-04-13 09:42:10,26.91,26.92
2017-04-13 09:42:11,26.91,26.92
2017-04-13 09:42:12,26.91,26.92
2017-04-13 09:42:13,26.92,26.93
2017-04-13 09:42:14,26.93,26.94
2017-04-13 09:42:15,26.93,26.94
2017-04-13 09:42:16,26.93,26.94
2017-04-13 09:42:17,26.93,26.94
2017-04-13 09:42:18,26.92,26.93
2017-04-13 09:42:19,26.92,26.93
2017-04-13 09:42:20,26.92,26.93
2017-04-13 09:42:21,26.91,26.92
2017-04-13 09:42:22,26.91,26.92
2017-04-13 09:42:23,26.91,26.92
2017-04-13 09:42:24,26.91,26.92
2017-04-13 09:42:25,26.91,26.92
2017-04-13 09:42:26,26.9,26.91
2017-04-13 09:42:27,26.9,26.91
2017-04-13 09:42:28,26.91,26.92
2017-04-13 09:42:29,26.91,26.92
2017-04-13 09:42:30,26.91,26.92
2017-04-13 09:42:31,26.92,26.93
2017-04-13 09:42:32,26.92,26.93
2017-04-13 09:42:33,26.92,26.93
2017-04-13 09:42:34,26.92,26.93
2017-04-13 09:42:35,26.92,26.93
2017-04-13 09:42:36,26.92,26.93
2017-04-13 09:42:37,26.91,26.92
2017-04-13 09:42:38,26.9,26.91
2017-04-13 09:42:39,26.9,26.91
2017-04-13 09:42:40,26.9,26.91
2017-04-13 09:42:41,26.89,26.9
2017-04-13 09:42:42,26.88,26.89
2017-04-13 09:42:43,26.87,26.88
2017-04-13 09:42:44,26.87,26.88
2017-04-13 09:42:45,26.88,26.89
2017-04-13 09:42:46,26.88,26.89
2017-04-13 09:42:47,26.88,26.89
2017-04-13 09:42:48,26.88,26.89
2017-04-13 09:42:49,26.88,26.89
2017-04-13 09:42:50,26.88,26.89
2017-04-13 09:42:51,26.86,26.87
2017-04-13 09:42:52,26.86,26.87
2017-04-13 09:42:53,26.86,26.87
2017-04-13 09:42:54,26.86,26.87
2017-04-13 09:42:55,26.87,26.88
2017-04-13 09:42:56,26.87,26.88
2017-04-13 09:42:57,26.87,26.88
2017-04-13 09:42:58,26.87,26.88
2017-04-13 09:42:59,26.87,26.88
2017-04-13 09:43:00,26.88,26.9
2017-04-13 09:43:01,26.88,26.9
2017-04-13 09:43:02,26.88,26.9
2017-04-13 09:43:03,26.89,26.9
2017-04-13 09:43:04,26.89,26.9
2017-04-13 09:43:05,26.9,26.91
2017-04-13 09:43:06,26.9,26.91
2017-04-13 09:43:07,26.9,26.91
2017-04-13 09:43:08,26.9,26.91
2017-04-13 09:43:09,26.9,26.91
2017-04-13 09:43:10,26.9,26.91
2017-04-13 09:43:11,26.89,26.9
2017-04-13 09:43:12,26.87,26.88
2017-04-13 09:43:13,26.87,26.88
2017-04-13 09:43:14,26.87,26.88
2017-04-13 09:43:15,26.87,26.88
2017-04-13 09:43:16,26.87,26.88
2017-04-13 09:43:17,26.87,26.88
2017-04-13 09:43:18,26.87,26.88
2017-04-13 09:43:19,26.87,26.88
2017-04-13 09:43:20,26.88,26.89
2017-04-13 09:43:21,26.88,26.89
2017-04-13 09:43:22,26.88,26.89
2017-04-13 09:43:23,26.87,26.88
2017-04-13 09:43:24,26.87,26.88
2017-04-13 09:43:25,26.86,26.87
2017-04-13 09:43:26,26.86,26.87
2017-04-13 09:43:27,26.86,26.87
2017-04-13 09:43:28,26.86,26.87
2017-04-13 09:43:29,26.86,26.87
2017-04-13 09:43:30,26.86,26.87
2017-04-13 09:43:31,26.85,26.86
2017-04-13 09:43:32,26.85,26.86
2017-04-13 09:43:33,26.85,26.86
2017-04-13 09:43:34,26.86,26.87
2017-04-13 09:43:35,26.87,26.88
2017-04-13 09:43:36,26.87,26.88
2017-04-13 09:43:37,26.88,26.89
2017-04-13 09:43:38,26.88,26.89
2017-04-13 09:43:39,26.88,26.89
2017-04-13 09:43:40,26.88,26.89
2017-04-13 09:43:41,26.87,26.88
2017-04-13 09:43:42,26.87,26.88
2017-04-13 09:43:43,26.87,26.88
2017-04-13 09:43:44,26.87,26.88
2017-04-13 09:43:45,26.87,26.88
2017-04-13 09:43:46,26.87,26.88
2017-04-13 09:43:47,26.87,26.88
2017-04-13 09:43:48,26.87,26.88
2017-04-13 09:43:49,26.87,26.88
2017-04-13 09:43:50,26.87,26.88
2017-04-13 09:43:51,26.87,26.88
2017-04-13 09:43:52,26.88,26.89
2017-04-13 09:43:53,26.88,26.89
2017-04-13 09:43:54,26.88,26.89
2017-04-13 09:43:55,26.91,26.92
2017-04-13 09:43:56,26.92,26.93
2017-04-13 09:43:57,26.92,26.93
2017-04-13 09:43:58,26.92,26.93
2017-04-13 09:43:59,26.92,26.93
2017-04-13 09:44:00,26.92,26.93
2017-04-13 09:44:01,26.92,26.93
2017-04-13 09:44:02,26.92,26.93
2017-04-13 09:44:03,26.92,26.93
2017-04-13 09:44:04,26.93,26.94
2017-04-13 09:44:05,26.93,26.94
2017-04-13 09:44:06,26.93,26.94
2017-04-13 09:44:07,26.93,26.94
2017-04-13 09:44:08,26.93,26.94
2017-04-13 09:44:09,26.93,26.94
2017-04-13 09:44:10,26.94,26.95
2017-04-13 09:44:11,26.94,26.95
2017-04-13 09:44:12,26.94,26.95
2017-04-13 09:44:13,26.93,26.94
2017-04-13 09:44:14,26.93,26.94
2017-04-13 09:44:15,26.94,26.95
2017-04-13 09:44:16,26.94,26.95
2017-04-13 09:44:17,26.94,26.95
2017-04-13 09:44:18,26.94,26.95
2017-04-13 09:44:19,26.94,26.95
2017-04-13 09:44:20,26.94,26.95
2017-04-13 09:44:21,26.94,26.95
2017-04-13 09:44:22,26.94,26.95
2017-04-13 09:44:23,26.95,26.96
2017-04-13 09:44:24,26.95,26.96
2017-04-13 09:44:25,26.95,26.96
2017-04-13 09:44:26,26.95,26.96
2017-04-13 09:44:27,26.96,26.97
2017-04-13 09:44:28,26.96,26.97
2017-04-13 09:44:29,26.96,26.97
2017-04-13 09:44:30,26.96,26.97
2017-04-13 09:44:31,26.96,26.97
2017-04-13 09:44:32,26.96,26.97
2017-04-13 09:44:33,26.96,26.97
2017-04-13 09:44:34,26.96,26.97
2017-04-13 09:44:35,26.96,26.97
2017-04-13 09:44:36,26.96,26.97
2017-04-13 09:44:37,26.96,26.97
2017-04-13 09:44:38,26.96,26.97
2017-04-13 09:44:39,26.96,26.97
2017-04-13 09:44:40,26.96,26.97
2017-04-13 09:44:41,26.96,26.97
2017-04-13 09:44:42,26.97,26.98
2017-04-13 09:44:43,26.97,26.98
2017-04-13 09:44:44,26.99,27.0
2017-04-13 09:44:45,27.01,27.02
2017-04-13 09:44:46,27.02,27.03
2017-04-13 09:44:47,27.01,27.02
2017-04-13 09:44:48,27.01,27.02
2017-04-13 09:44:49,27.01,27.02
2017-04-13 09:44:50,27.01,27.02
2017-04-13 09:44:51,27.01,27.02
2017-04-13 09:44:52,27.01,27.02
2017-04-13 09:44:53,27.01,27.02
2017-04-13 09:44:54,27.01,27.02
2017-04-13 09:44:55,27.01,27.02
2017-04-13 09:44:56,27.03,27.04
2017-04-13 09:44:57,27.03,27.04
2017-04-13 09:44:58,27.03,27.04
2017-04-13 09:44:59,27.03,27.04
2017-04-13 09:45:00,27.03,27.04
2017-04-13 09:45:01,27.02,27.03
2017-04-13 09:45:02,27.02,27.03
2017-04-13 09:45:03,27.01,27.02
2017-04-13 09:45:04,27.01,27.02
2017-04-13 09:45:05,27.01,27.02
2017-04-13 09:45:06,27.01,27.02
2017-04-13 09:45:07,26.99,27.0
2017-04-13 09:45:08,26.99,27.0
2017-04-13 09:45:09,26.99,27.0
2017-04-13 09:45:10,26.99,27.0
2017-04-13 09:45:11,26.99,27.0
2017-04-13 09:45:12,26.99,27.0
2017-04-13 09:45:13,26.99,27.0
2017-04-13 09:45:14,26.99,27.0
2017-04-13 09:45:15,26.99,27.0
2017-04-13 09:45:16,26.98,26.99
2017-04-13 09:45:17,26.98,26.99
2017-04-13 09:45:18,26.98,26.99
2017-04-13 09:45:19,26.98,26.99
2017-04-13 09:45:20,26.98,26.99
2017-04-13 09:45:21,26.98,26.99
2017-04-13 09:45:22,26.98,26.99
2017-04-13 09:45:23,26.98,26.99
2017-04-13 09:45:24,26.98,26.99
2017-04-13 09:45:25,26.98,26.99
2017-04-13 09:45:26,26.99,27.0
2017-04-13 09:45:27,26.99,27.0
2017-04-13 09:45:28,27.0,27.01
2017-04-13 09:45:29,27.0,27.01
2017-04-13 09:45:30,27.02,27.03
2017-04-13 09:45:31,27.02,27.03
2017-04-13 09:45:32,27.01,27.02
2017-04-13 09:45:33,27.01,27.02
2017-04-13 09:45:34,27.01,27.02
2017-04-13 09:45:35,27.02,27.03
2017-04-13 09:45:36,27.02,27.03
2017-04-13 09:45:37,27.02,27.03
2017-04-13 09:45:38,27.02,27.03
2017-04-13 09:45:39,27.03,27.04
2017-04-13 09:45:40,27.03,27.04
2017-04-13 09:45:41,27.03,27.04
2017-04-13 09:45:42,27.03,27.04
2017-04-13 09:45:43,27.04,27.05
2017-04-13 09:45:44,27.02,27.03
2017-04-13 09:45:45,27.02,27.03
2017-04-13 09:45:46,27.02,27.03
2017-04-13 09:45:47,27.02,27.03
2017-04-13 09:45:48,27.03,27.04
2017-04-13 09:45:49,27.01,27.02
2017-04-13 09:45:50,27.01,27.02
2017-04-13 09:45:51,27.01,27.02
2017-04-13 09:45:52,27.01,27.02
2017-04-13 09:45:53,27.0,27.01
2017-04-13 09:45:54,26.99,27.0
2017-04-13 09:45:55,26.99,27.0
2017-04-13 09:45:56,26.99,27.0
2017-04-13 09:45:57,26.99,27.0
2017-04-13 09:45:58,27.0,27.01
2017-04-13 09:45:59,27.0,27.01
2017-04-13 09:46:00,27.0,27.01
2017-04-13 09:46:01,27.0,27.01
2017-04-13 09:46:02,27.0,27.01
2017-04-13 09:46:03,27.01,27.02
2017-04-13 09:46:04,27.01,27.02
2017-04-13 09:46:05,27.0,27.01
2017-04-13 09:46:06,27.0,27.01
2017-04-13 09:46:07,27.0,27.01
2017-04-13 09:46:08,27.0,27.01
2017-04-13 09:46:09,27.01,27.02
2017-04-13 09:46:10,27.01,27.02
2017-04-13 09:46:11,27.01,27.02
2017-04-13 09:46:12,27.01,27.02
2017-04-13 09:46:13,27.01,27.02
2017-04-13 09:46:14,27.01,27.02
2017-04-13 09:46:15,27.01,27.02
2017-04-13 09:46:16,27.01,27.02
2017-04-13 09:46:17,27.01,27.02
2017-04-13 09:46:18,27.01,27.02
2017-04-13 09:46:19,27.01,27.02
2017-04-13 09:46:20,27.01,27.02
2017-04-13 09:46:21,27.01,27.02
2017-04-13 09:46:22,27.01,27.02
2017-04-13 09:46:23,27.01,27.02
2017-04-13 09:46:24,27.01,27.02
2017-04-13 09:46:25,27.02,27.03
2017-04-13 09:46:26,27.02,27.03
2017-04-13 09:46:27,27.02,27.03
2017-04-13 09:46:28,27.02,27.03
2017-04-13 09:46:29,27.02,27.03
2017-04-13 09:46:30,27.02,27.03
2017-04-13 09:46:31,27.03,27.04
2017-04-13 09:46:32,27.03,27.04
2017-04-13 09:46:33,27.03,27.04
2017-04-13 09:46:34,27.02,27.03
2017-04-13 09:46:35,27.02,27.03
2017-04-13 09:46:36,27.02,27.03
2017-04-13 09:46:37,27.02,27.03
2017-04-13 09:46:38,27.02,27.03
2017-04-13 09:46:39,27.02,27.03
2017-04-13 09:46:40,27.02,27.03
2017-04-13 09:46:41,27.02,27.03
2017-04-13 09:46:42,27.02,27.03
2017-04-13 09:46:43,27.02,27.03
2017-04-13 09:46:44,27.01,27.02
2017-04-13 09:46:45,27.01,27.02
2017-04-13 09:46:46,27.01,27.02
2017-04-13 09:46:47,27.01,27.02
2017-04-13 09:46:48,27.01,27.02
2017-04-13 09:46:49,27.01,27.02
2017-04-13 09:46:50,27.01,27.02
2017-04-13 09:46:51,27.02,27.03
2017-04-13 09:46:52,27.03,27.04
2017-04-13 09:46:53,27.03,27.04
2017-04-13 09:46:54,27.03,27.04
2017-04-13 09:46:55,27.03,27.04
2017-04-13 09:46:56,27.03,27.04
2017-04-13 09:46:57,27.03,27.04
2017-04-13 09:46:58,27.03,27.04
2017-04-13 09:46:59,27.03,27.04
2017-04-13 09:47:00,27.03,27.04
2017-04-13 09:47:01,27.03,27.04
2017-04-13 09:47:02,27.02,27.03
2017-04-13 09:47:03,27.01,27.02
2017-04-13 09:47:04,27.01,27.02
2017-04-13 09:47:05,27.0,27.01
2017-04-13 09:47:06,27.0,27.01
2017-04-13 09:47:07,27.0,27.01
2017-04-13 09:47:08,27.01,27.02
2017-04-13 09:47:09,27.01,27.02
2017-04-13 09:47:10,27.01,27.02
2017-04-13 09:47:11,27.02,27.02
2017-04-13 09:47:12,27.01,27.02
2017-04-13 09:47:13,27.01,27.02
2017-04-13 09:47:14,27.01,27.02
2017-04-13 09:47:15,27.01,27.02
2017-04-13 09:47:16,27.01,27.02
2017-04-13 09:47:17,27.01,27.02
2017-04-13 09:47:18,27.0,27.01
2017-04-13 09:47:19,27.0,27.01
2017-04-13 09:47:20,27.0,27.01
2017-04-13 09:47:21,27.0,27.01
2017-04-13 09:47:22,27.0,27.01
2017-04-13 09:47:23,27.0,27.01
2017-04-13 09:47:24,27.0,27.01
2017-04-13 09:47:25,26.99,27.0
2017-04-13 09:47:26,26.99,27.0
2017-04-13 09:47:27,27.0,27.01
2017-04-13 09:47:28,26.99,27.0
2017-04-13 09:47:29,26.99,27.0
2017-04-13 09:47:30,26.99,27.0
2017-04-13 09:47:31,26.99,27.0
2017-04-13 09:47:32,26.99,27.0
2017-04-13 09:47:33,26.99,27.0
2017-04-13 09:47:34,26.99,27.0
2017-04-13 09:47:35,26.99,27.0
2017-04-13 09:47:36,27.0,27.01
2017-04-13 09:47:37,27.0,27.01
2017-04-13 09:47:38,27.01,27.02
2017-04-13 09:47:39,27.01,27.02
2017-04-13 09:47:40,27.01,27.02
2017-04-13 09:47:41,27.01,27.02
2017-04-13 09:47:42,27.01,27.02
2017-04-13 09:47:43,27.01,27.02
2017-04-13 09:47:44,27.01,27.02
2017-04-13 09:47:45,27.01,27.02
2017-04-13 09:47:46,27.02,27.03
2017-04-13 09:47:47,27.02,27.03
2017-04-13 09:47:48,27.03,27.04
2017-04-13 09:47:49,27.03,27.04
2017-04-13 09:47:50,27.03,27.04
2017-04-13 09:47:51,27.04,27.05
2017-04-13 09:47:52,27.04,27.05
2017-04-13 09:47:53,27.04,27.05
2017-04-13 09:47:54,27.04,27.05
2017-04-13 09:47:55,27.03,27.04
2017-04-13 09:47:56,27.04,27.05
2017-04-13 09:47:57,27.03,27.04
2017-04-13 09:47:58,27.03,27.04
2017-04-13 09:47:59,27.03,27.04
2017-04-13 09:48:00,27.03,27.04
2017-04-13 09:48:01,27.03,27.04
2017-04-13 09:48:02,27.03,27.04
2017-04-13 09:48:03,27.03,27.04
2017-04-13 09:48:04,27.03,27.04
2017-04-13 09:48:05,27.04,27.05
2017-04-13 09:48:06,27.04,27.05
2017-04-13 09:48:07,27.05,27.06
2017-04-13 09:48:08,27.05,27.06
2017-04-13 09:48:09,27.06,27.07
2017-04-13 09:48:10,27.07,27.08
2017-04-13 09:48:11,27.07,27.08
2017-04-13 09:48:12,27.07,27.08
2017-04-13 09:48:13,27.07,27.08
2017-04-13 09:48:14,27.08,27.09
2017-04-13 09:48:15,27.07,27.08
2017-04-13 09:48:16,27.06,27.07
2017-04-13 09:48:17,27.06,27.07
2017-04-13 09:48:18,27.06,27.07
2017-04-13 09:48:19,27.06,27.07
2017-04-13 09:48:20,27.06,27.07
2017-04-13 09:48:21,27.06,27.07
2017-04-13 09:48:22,27.06,27.07
2017-04-13 09:48:23,27.06,27.07
2017-04-13 09:48:24,27.07,27.08
2017-04-13 09:48:25,27.07,27.08
2017-04-13 09:48:26,27.07,27.08
2017-04-13 09:48:27,27.07,27.08
2017-04-13 09:48:28,27.07,27.08
2017-04-13 09:48:29,27.07,27.08
2017-04-13 09:48:30,27.07,27.08
2017-04-13 09:48:31,27.07,27.08
2017-04-13 09:48:32,27.07,27.08
2017-04-13 09:48:33,27.07,27.08
2017-04-13 09:48:34,27.07,27.08
2017-04-13 09:48:35,27.07,27.08
2017-04-13 09:48:36,27.07,27.08
2017-04-13 09:48:37,27.07,27.08
2017-04-13 09:48:38,27.07,27.08
2017-04-13 09:48:39,27.07,27.08
2017-04-13 09:48:40,27.07,27.08
2017-04-13 09:48:41,27.07,27.08
2017-04-13 09:48:42,27.07,27.08
2017-04-13 09:48:43,27.07,27.08
2017-04-13 09:48:44,27.07,27.08
2017-04-13 09:48:45,27.07,27.08
2017-04-13 09:48:46,27.09,27.1
2017-04-13 09:48:47,27.09,27.1
2017-04-13 09:48:48,27.09,27.1
2017-04-13 09:48:49,27.09,27.1
2017-04-13 09:48:50,27.09,27.1
2017-04-13 09:48:51,27.09,27.1
2017-04-13 09:48:52,27.09,27.1
2017-04-13 09:48:53,27.09,27.1
2017-04-13 09:48:54,27.09,27.1
2017-04-13 09:48:55,27.08,27.09
2017-04-13 09:48:56,27.08,27.09
2017-04-13 09:48:57,27.08,27.09
2017-04-13 09:48:58,27.08,27.09
2017-04-13 09:48:59,27.08,27.09
2017-04-13 09:49:00,27.08,27.09
2017-04-13 09:49:01,27.09,27.1
2017-04-13 09:49:02,27.09,27.1
2017-04-13 09:49:03,27.1,27.11
2017-04-13 09:49:04,27.11,27.12
2017-04-13 09:49:05,27.1,27.11
2017-04-13 09:49:06,27.09,27.1
2017-04-13 09:49:07,27.09,27.1
2017-04-13 09:49:08,27.09,27.1
2017-04-13 09:49:09,27.09,27.1
2017-04-13 09:49:10,27.09,27.1
2017-04-13 09:49:11,27.09,27.1
2017-04-13 09:49:12,27.09,27.1
2017-04-13 09:49:13,27.08,27.09
2017-04-13 09:49:14,27.08,27.09
2017-04-13 09:49:15,27.08,27.09
2017-04-13 09:49:16,27.08,27.09
2017-04-13 09:49:17,27.08,27.09
2017-04-13 09:49:18,27.08,27.09
2017-04-13 09:49:19,27.08,27.09
2017-04-13 09:49:20,27.08,27.09
2017-04-13 09:49:21,27.08,27.09
2017-04-13 09:49:22,27.09,27.1
2017-04-13 09:49:23,27.09,27.1
2017-04-13 09:49:24,27.1,27.11
2017-04-13 09:49:25,27.1,27.11
2017-04-13 09:49:26,27.1,27.11
2017-04-13 09:49:27,27.09,27.1
2017-04-13 09:49:28,27.08,27.09
2017-04-13 09:49:29,27.07,27.08
2017-04-13 09:49:30,27.07,27.08
2017-04-13 09:49:31,27.07,27.08
2017-04-13 09:49:32,27.07,27.08
2017-04-13 09:49:33,27.07,27.08
2017-04-13 09:49:34,27.07,27.08
2017-04-13 09:49:35,27.07,27.08
2017-04-13 09:49:36,27.07,27.08
2017-04-13 09:49:37,27.07,27.08
2017-04-13 09:49:38,27.07,27.08
2017-04-13 09:49:39,27.07,27.08
2017-04-13 09:49:40,27.07,27.08
2017-04-13 09:49:41,27.07,27.08
2017-04-13 09:49:42,27.07,27.08
2017-04-13 09:49:43,27.07,27.08
2017-04-13 09:49:44,27.07,27.08
2017-04-13 09:49:45,27.07,27.08
2017-04-13 09:49:46,27.07,27.08
2017-04-13 09:49:47,27.07,27.08
2017-04-13 09:49:48,27.07,27.08
2017-04-13 09:49:49,27.07,27.08
2017-04-13 09:49:50,27.07,27.08
2017-04-13 09:49:51,27.08,27.08
2017-04-13 09:49:52,27.07,27.08
2017-04-13 09:49:53,27.07,27.08
2017-04-13 09:49:54,27.07,27.08
2017-04-13 09:49:55,27.07,27.08
2017-04-13 09:49:56,27.07,27.08
2017-04-13 09:49:57,27.07,27.08
2017-04-13 09:49:58,27.07,27.08
2017-04-13 09:49:59,27.08,27.09
2017-04-13 09:50:00,27.09,27.1
2017-04-13 09:50:01,27.09,27.1
2017-04-13 09:50:02,27.09,27.1
2017-04-13 09:50:03,27.09,27.1
2017-04-13 09:50:04,27.09,27.1
2017-04-13 09:50:05,27.09,27.1
2017-04-13 09:50:06,27.08,27.09
2017-04-13 09:50:07,27.08,27.09
2017-04-13 09:50:08,27.07,27.08
2017-04-13 09:50:09,27.07,27.08
2017-04-13 09:50:10,27.06,27.07
2017-04-13 09:50:11,27.06,27.07
2017-04-13 09:50:12,27.06,27.07
2017-04-13 09:50:13,27.06,27.07
2017-04-13 09:50:14,27.06,27.07
2017-04-13 09:50:15,27.06,27.07
2017-04-13 09:50:16,27.06,27.07
2017-04-13 09:50:17,27.06,27.07
2017-04-13 09:50:18,27.06,27.07
2017-04-13 09:50:19,27.06,27.07
2017-04-13 09:50:20,27.06,27.07
2017-04-13 09:50:21,27.06,27.06
2017-04-13 09:50:22,27.06,27.06
2017-04-13 09:50:23,27.06,27.07
2017-04-13 09:50:24,27.06,27.07
2017-04-13 09:50:25,27.06,27.07
2017-04-13 09:50:26,27.07,27.08
2017-04-13 09:50:27,27.07,27.08
2017-04-13 09:50:28,27.08,27.09
2017-04-13 09:50:29,27.08,27.09
2017-04-13 09:50:30,27.08,27.09
2017-04-13 09:50:31,27.08,27.09
2017-04-13 09:50:32,27.08,27.09
2017-04-13 09:50:33,27.09,27.1
2017-04-13 09:50:34,27.09,27.1
2017-04-13 09:50:35,27.09,27.1
2017-04-13 09:50:36,27.07,27.08
2017-04-13 09:50:37,27.07,27.08
2017-04-13 09:50:38,27.07,27.08
2017-04-13 09:50:39,27.06,27.07
2017-04-13 09:50:40,27.06,27.07
2017-04-13 09:50:41,27.06,27.07
2017-04-13 09:50:42,27.06,27.07
2017-04-13 09:50:43,27.06,27.07
2017-04-13 09:50:44,27.06,27.07
2017-04-13 09:50:45,27.06,27.07
2017-04-13 09:50:46,27.07,27.08
2017-04-13 09:50:47,27.07,27.08
2017-04-13 09:50:48,27.07,27.08
2017-04-13 09:50:49,27.07,27.08
2017-04-13 09:50:50,27.08,27.09
2017-04-13 09:50:51,27.08,27.09
2017-04-13 09:50:52,27.08,27.09
2017-04-13 09:50:53,27.08,27.09
2017-04-13 09:50:54,27.08,27.09
2017-04-13 09:50:55,27.08,27.09
2017-04-13 09:50:56,27.08,27.09
2017-04-13 09:50:57,27.08,27.09
2017-04-13 09:50:58,27.08,27.09
2017-04-13 09:50:59,27.08,27.09
2017-04-13 09:51:00,27.08,27.09
2017-04-13 09:51:01,27.09,27.1
2017-04-13 09:51:02,27.09,27.1
2017-04-13 09:51:03,27.09,27.1
2017-04-13 09:51:04,27.09,27.1
2017-04-13 09:51:05,27.09,27.1
2017-04-13 09:51:06,27.09,27.1
2017-04-13 09:51:07,27.09,27.1
2017-04-13 09:51:08,27.09,27.1
2017-04-13 09:51:09,27.09,27.1
2017-04-13 09:51:10,27.09,27.1
2017-04-13 09:51:11,27.09,27.1
2017-04-13 09:51:12,27.09,27.1
2017-04-13 09:51:13,27.09,27.1
2017-04-13 09:51:14,27.12,27.13
2017-04-13 09:51:15,27.12,27.13
2017-04-13 09:51:16,27.12,27.13
2017-04-13 09:51:17,27.12,27.13
2017-04-13 09:51:18,27.12,27.13
2017-04-13 09:51:19,27.12,27.13
2017-04-13 09:51:20,27.12,27.13
2017-04-13 09:51:21,27.12,27.13
2017-04-13 09:51:22,27.13,27.14
2017-04-13 09:51:23,27.13,27.14
2017-04-13 09:51:24,27.13,27.14
2017-04-13 09:51:25,27.13,27.14
2017-04-13 09:51:26,27.13,27.14
2017-04-13 09:51:27,27.13,27.14
2017-04-13 09:51:28,27.13,27.14
2017-04-13 09:51:29,27.13,27.14
2017-04-13 09:51:30,27.13,27.14
2017-04-13 09:51:31,27.13,27.14
2017-04-13 09:51:32,27.13,27.14
2017-04-13 09:51:33,27.13,27.14
2017-04-13 09:51:34,27.13,27.14
2017-04-13 09:51:35,27.13,27.14
2017-04-13 09:51:36,27.11,27.12
2017-04-13 09:51:37,27.1,27.11
2017-04-13 09:51:38,27.1,27.11
2017-04-13 09:51:39,27.09,27.1
2017-04-13 09:51:40,27.09,27.1
2017-04-13 09:51:41,27.09,27.1
2017-04-13 09:51:42,27.09,27.1
2017-04-13 09:51:43,27.09,27.1
2017-04-13 09:51:44,27.09,27.1
2017-04-13 09:51:45,27.09,27.1
2017-04-13 09:51:46,27.09,27.1
2017-04-13 09:51:47,27.09,27.1
2017-04-13 09:51:48,27.1,27.11
2017-04-13 09:51:49,27.1,27.11
2017-04-13 09:51:50,27.1,27.11
2017-04-13 09:51:51,27.1,27.11
2017-04-13 09:51:52,27.1,27.11
2017-04-13 09:51:53,27.1,27.11
2017-04-13 09:51:54,27.1,27.11
2017-04-13 09:51:55,27.11,27.12
2017-04-13 09:51:56,27.11,27.12
2017-04-13 09:51:57,27.12,27.13
2017-04-13 09:51:58,27.12,27.13
2017-04-13 09:51:59,27.12,27.13
2017-04-13 09:52:00,27.12,27.13
2017-04-13 09:52:01,27.12,27.13
2017-04-13 09:52:02,27.12,27.13
2017-04-13 09:52:03,27.12,27.13
2017-04-13 09:52:04,27.12,27.13
2017-04-13 09:52:05,27.12,27.13
2017-04-13 09:52:06,27.12,27.13
2017-04-13 09:52:07,27.12,27.13
2017-04-13 09:52:08,27.12,27.13
2017-04-13 09:52:09,27.12,27.13
2017-04-13 09:52:10,27.12,27.13
2017-04-13 09:52:11,27.1,27.11
2017-04-13 09:52:12,27.1,27.11
2017-04-13 09:52:13,27.11,27.12
2017-04-13 09:52:14,27.12,27.13
2017-04-13 09:52:15,27.12,27.13
2017-04-13 09:52:16,27.12,27.13
2017-04-13 09:52:17,27.12,27.13
2017-04-13 09:52:18,27.12,27.13
2017-04-13 09:52:19,27.12,27.13
2017-04-13 09:52:20,27.12,27.13
2017-04-13 09:52:21,27.12,27.13
2017-04-13 09:52:22,27.12,27.13
2017-04-13 09:52:23,27.12,27.13
2017-04-13 09:52:24,27.12,27.13
2017-04-13 09:52:25,27.12,27.13
2017-04-13 09:52:26,27.12,27.13
2017-04-13 09:52:27,27.1,27.11
2017-04-13 09:52:28,27.1,27.11
2017-04-13 09:52:29,27.1,27.11
2017-04-13 09:52:30,27.1,27.11
2017-04-13 09:52:31,27.1,27.11
2017-04-13 09:52:32,27.1,27.11
2017-04-13 09:52:33,27.1,27.11
2017-04-13 09:52:34,27.1,27.11
2017-04-13 09:52:35,27.1,27.11
2017-04-13 09:52:36,27.1,27.11
2017-04-13 09:52:37,27.1,27.11
2017-04-13 09:52:38,27.1,27.11
2017-04-13 09:52:39,27.12,27.13
2017-04-13 09:52:40,27.12,27.13
2017-04-13 09:52:41,27.12,27.13
2017-04-13 09:52:42,27.13,27.14
2017-04-13 09:52:43,27.13,27.14
2017-04-13 09:52:44,27.13,27.14
2017-04-13 09:52:45,27.13,27.14
2017-04-13 09:52:46,27.13,27.14
2017-04-13 09:52:47,27.13,27.14
2017-04-13 09:52:48,27.12,27.13
2017-04-13 09:52:49,27.12,27.13
2017-04-13 09:52:50,27.12,27.13
2017-04-13 09:52:51,27.11,27.12
2017-04-13 09:52:52,27.1,27.11
2017-04-13 09:52:53,27.1,27.11
2017-04-13 09:52:54,27.11,27.12
2017-04-13 09:52:55,27.12,27.13
2017-04-13 09:52:56,27.13,27.14
2017-04-13 09:52:57,27.13,27.14
2017-04-13 09:52:58,27.13,27.14
2017-04-13 09:52:59,27.13,27.14
2017-04-13 09:53:00,27.13,27.14
2017-04-13 09:53:01,27.13,27.14
2017-04-13 09:53:02,27.13,27.14
2017-04-13 09:53:03,27.13,27.14
2017-04-13 09:53:04,27.13,27.14
2017-04-13 09:53:05,27.13,27.14
2017-04-13 09:53:06,27.12,27.13
2017-04-13 09:53:07,27.12,27.13
2017-04-13 09:53:08,27.11,27.12
2017-04-13 09:53:09,27.1,27.11
2017-04-13 09:53:10,27.12,27.13
2017-04-13 09:53:11,27.13,27.14
2017-04-13 09:53:12,27.13,27.14
2017-04-13 09:53:13,27.13,27.14
2017-04-13 09:53:14,27.14,27.14
2017-04-13 09:53:15,27.14,27.14
2017-04-13 09:53:16,27.13,27.14
2017-04-13 09:53:17,27.13,27.14
2017-04-13 09:53:18,27.13,27.14
2017-04-13 09:53:19,27.12,27.13
2017-04-13 09:53:20,27.12,27.13
2017-04-13 09:53:21,27.12,27.13
2017-04-13 09:53:22,27.12,27.13
2017-04-13 09:53:23,27.11,27.12
2017-04-13 09:53:24,27.11,27.12
2017-04-13 09:53:25,27.1,27.11
2017-04-13 09:53:26,27.1,27.11
2017-04-13 09:53:27,27.1,27.11
2017-04-13 09:53:28,27.1,27.11
2017-04-13 09:53:29,27.1,27.11
2017-04-13 09:53:30,27.1,27.11
2017-04-13 09:53:31,27.1,27.11
2017-04-13 09:53:32,27.1,27.11
2017-04-13 09:53:33,27.11,27.12
2017-04-13 09:53:34,27.12,27.13
2017-04-13 09:53:35,27.12,27.13
2017-04-13 09:53:36,27.12,27.13
2017-04-13 09:53:37,27.12,27.13
2017-04-13 09:53:38,27.12,27.13
2017-04-13 09:53:39,27.12,27.13
2017-04-13 09:53:40,27.12,27.13
2017-04-13 09:53:41,27.12,27.13
2017-04-13 09:53:42,27.12,27.13
2017-04-13 09:53:43,27.12,27.13
2017-04-13 09:53:44,27.12,27.13
2017-04-13 09:53:45,27.12,27.13
2017-04-13 09:53:46,27.13,27.14
2017-04-13 09:53:47,27.12,27.13
2017-04-13 09:53:48,27.11,27.12
2017-04-13 09:53:49,27.11,27.12
2017-04-13 09:53:50,27.11,27.12
2017-04-13 09:53:51,27.11,27.12
2017-04-13 09:53:52,27.11,27.12
2017-04-13 09:53:53,27.11,27.12
2017-04-13 09:53:54,27.11,27.12
2017-04-13 09:53:55,27.11,27.12
2017-04-13 09:53:56,27.11,27.12
2017-04-13 09:53:57,27.11,27.12
2017-04-13 09:53:58,27.11,27.12
2017-04-13 09:53:59,27.11,27.12
2017-04-13 09:54:00,27.11,27.12
2017-04-13 09:54:01,27.11,27.12
2017-04-13 09:54:02,27.11,27.12
2017-04-13 09:54:03,27.11,27.12
2017-04-13 09:54:04,27.11,27.12
2017-04-13 09:54:05,27.11,27.12
2017-04-13 09:54:06,27.11,27.12
2017-04-13 09:54:07,27.1,27.11
2017-04-13 09:54:08,27.11,27.12
2017-04-13 09:54:09,27.11,27.12
2017-04-13 09:54:10,27.11,27.12
2017-04-13 09:54:11,27.11,27.12
2017-04-13 09:54:12,27.11,27.12
2017-04-13 09:54:13,27.11,27.12
2017-04-13 09:54:14,27.11,27.12
2017-04-13 09:54:15,27.11,27.12
2017-04-13 09:54:16,27.11,27.12
2017-04-13 09:54:17,27.11,27.12
2017-04-13 09:54:18,27.11,27.12
2017-04-13 09:54:19,27.11,27.12
2017-04-13 09:54:20,27.11,27.12
2017-04-13 09:54:21,27.11,27.12
2017-04-13 09:54:22,27.11,27.12
2017-04-13 09:54:23,27.11,27.12
2017-04-13 09:54:24,27.11,27.12
2017-04-13 09:54:25,27.11,27.12
2017-04-13 09:54:26,27.11,27.12
2017-04-13 09:54:27,27.11,27.12
2017-04-13 09:54:28,27.11,27.12
2017-04-13 09:54:29,27.11,27.12
2017-04-13 09:54:30,27.11,27.12
2017-04-13 09:54:31,27.11,27.12
2017-04-13 09:54:32,27.11,27.12
2017-04-13 09:54:33,27.11,27.12
2017-04-13 09:54:34,27.11,27.12
2017-04-13 09:54:35,27.11,27.12
2017-04-13 09:54:36,27.11,27.12
2017-04-13 09:54:37,27.11,27.12
2017-04-13 09:54:38,27.11,27.12
2017-04-13 09:54:39,27.11,27.12
2017-04-13 09:54:40,27.11,27.12
2017-04-13 09:54:41,27.1,27.11
2017-04-13 09:54:42,27.1,27.11
2017-04-13 09:54:43,27.1,27.11
2017-04-13 09:54:44,27.09,27.1
2017-04-13 09:54:45,27.09,27.1
2017-04-13 09:54:46,27.09,27.1
2017-04-13 09:54:47,27.09,27.1
2017-04-13 09:54:48,27.08,27.09
2017-04-13 09:54:49,27.08,27.09
2017-04-13 09:54:50,27.09,27.1
2017-04-13 09:54:51,27.1,27.11
2017-04-13 09:54:52,27.1,27.11
2017-04-13 09:54:53,27.09,27.1
2017-04-13 09:54:54,27.07,27.08
2017-04-13 09:54:55,27.07,27.08
2017-04-13 09:54:56,27.07,27.08
2017-04-13 09:54:57,27.07,27.08
2017-04-13 09:54:58,27.07,27.08
2017-04-13 09:54:59,27.07,27.08
2017-04-13 09:55:00,27.07,27.08
2017-04-13 09:55:01,27.07,27.08
2017-04-13 09:55:02,27.07,27.08
2017-04-13 09:55:03,27.08,27.09
2017-04-13 09:55:04,27.08,27.09
2017-04-13 09:55:05,27.08,27.09
2017-04-13 09:55:06,27.08,27.09
2017-04-13 09:55:07,27.08,27.09
2017-04-13 09:55:08,27.08,27.09
2017-04-13 09:55:09,27.08,27.09
2017-04-13 09:55:10,27.08,27.09
2017-04-13 09:55:11,27.08,27.09
2017-04-13 09:55:12,27.07,27.08
2017-04-13 09:55:13,27.08,27.09
2017-04-13 09:55:14,27.08,27.09
2017-04-13 09:55:15,27.08,27.09
2017-04-13 09:55:16,27.08,27.09
2017-04-13 09:55:17,27.08,27.09
2017-04-13 09:55:18,27.08,27.09
2017-04-13 09:55:19,27.08,27.09
2017-04-13 09:55:20,27.07,27.08
2017-04-13 09:55:21,27.07,27.08
2017-04-13 09:55:22,27.07,27.08
2017-04-13 09:55:23,27.07,27.08
2017-04-13 09:55:24,27.05,27.06
2017-04-13 09:55:25,27.05,27.06
2017-04-13 09:55:26,27.06,27.07
2017-04-13 09:55:27,27.06,27.07
2017-04-13 09:55:28,27.06,27.07
2017-04-13 09:55:29,27.06,27.07
2017-04-13 09:55:30,27.06,27.07
2017-04-13 09:55:31,27.06,27.07
2017-04-13 09:55:32,27.04,27.05
2017-04-13 09:55:33,27.04,27.05
2017-04-13 09:55:34,27.04,27.05
2017-04-13 09:55:35,27.04,27.05
2017-04-13 09:55:36,27.04,27.05
2017-04-13 09:55:37,27.05,27.06
2017-04-13 09:55:38,27.05,27.06
2017-04-13 09:55:39,27.05,27.06
2017-04-13 09:55:40,27.05,27.06
2017-04-13 09:55:41,27.05,27.06
2017-04-13 09:55:42,27.06,27.07
2017-04-13 09:55:43,27.06,27.07
2017-04-13 09:55:44,27.06,27.07
2017-04-13 09:55:45,27.08,27.09
2017-04-13 09:55:46,27.08,27.09
2017-04-13 09:55:47,27.08,27.09
2017-04-13 09:55:48,27.08,27.09
2017-04-13 09:55:49,27.08,27.09
2017-04-13 09:55:50,27.07,27.08
2017-04-13 09:55:51,27.07,27.08
2017-04-13 09:55:52,27.07,27.08
2017-04-13 09:55:53,27.07,27.08
2017-04-13 09:55:54,27.07,27.08
2017-04-13 09:55:55,27.07,27.08
2017-04-13 09:55:56,27.07,27.08
2017-04-13 09:55:57,27.06,27.07
2017-04-13 09:55:58,27.05,27.06
2017-04-13 09:55:59,27.05,27.06
2017-04-13 09:56:00,27.05,27.06
2017-04-13 09:56:01,27.05,27.06
2017-04-13 09:56:02,27.05,27.06
2017-04-13 09:56:03,27.05,27.06
2017-04-13 09:56:04,27.05,27.06
2017-04-13 09:56:05,27.05,27.06
2017-04-13 09:56:06,27.05,27.06
2017-04-13 09:56:07,27.04,27.05
2017-04-13 09:56:08,27.04,27.05
2017-04-13 09:56:09,27.04,27.05
2017-04-13 09:56:10,27.04,27.05
2017-04-13 09:56:11,27.04,27.05
2017-04-13 09:56:12,27.03,27.04
2017-04-13 09:56:13,27.04,27.05
2017-04-13 09:56:14,27.04,27.05
2017-04-13 09:56:15,27.04,27.05
2017-04-13 09:56:16,27.04,27.05
2017-04-13 09:56:17,27.04,27.05
2017-04-13 09:56:18,27.04,27.05
2017-04-13 09:56:19,27.04,27.05
2017-04-13 09:56:20,27.03,27.04
2017-04-13 09:56:21,27.03,27.04
2017-04-13 09:56:22,27.03,27.04
2017-04-13 09:56:23,27.03,27.04
2017-04-13 09:56:24,27.03,27.04
2017-04-13 09:56:25,27.03,27.04
2017-04-13 09:56:26,27.03,27.04
2017-04-13 09:56:27,27.03,27.04
2017-04-13 09:56:28,27.04,27.05
2017-04-13 09:56:29,27.04,27.05
2017-04-13 09:56:30,27.04,27.05
2017-04-13 09:56:31,27.05,27.06
2017-04-13 09:56:32,27.05,27.06
2017-04-13 09:56:33,27.05,27.06
2017-04-13 09:56:34,27.05,27.06
2017-04-13 09:56:35,27.05,27.06
2017-04-13 09:56:36,27.05,27.06
2017-04-13 09:56:37,27.05,27.06
2017-04-13 09:56:38,27.05,27.06
2017-04-13 09:56:39,27.06,27.07
2017-04-13 09:56:40,27.07,27.08
2017-04-13 09:56:41,27.07,27.08
2017-04-13 09:56:42,27.07,27.08
2017-04-13 09:56:43,27.07,27.08
2017-04-13 09:56:44,27.07,27.08
2017-04-13 09:56:45,27.07,27.08
2017-04-13 09:56:46,27.07,27.08
2017-04-13 09:56:47,27.07,27.08
2017-04-13 09:56:48,27.07,27.08
2017-04-13 09:56:49,27.07,27.08
2017-04-13 09:56:50,27.08,27.09
2017-04-13 09:56:51,27.07,27.08
2017-04-13 09:56:52,27.07,27.08
2017-04-13 09:56:53,27.07,27.08
2017-04-13 09:56:54,27.07,27.08
2017-04-13 09:56:55,27.07,27.08
2017-04-13 09:56:56,27.07,27.08
2017-04-13 09:56:57,27.07,27.08
2017-04-13 09:56:58,27.06,27.07
2017-04-13 09:56:59,27.06,27.07
2017-04-13 09:57:00,27.05,27.06
2017-04-13 09:57:01,27.05,27.06
2017-04-13 09:57:02,27.05,27.06
2017-04-13 09:57:03,27.05,27.06
2017-04-13 09:57:04,27.05,27.06
2017-04-13 09:57:05,27.05,27.06
2017-04-13 09:57:06,27.05,27.06
2017-04-13 09:57:07,27.05,27.06
2017-04-13 09:57:08,27.05,27.06
2017-04-13 09:57:09,27.05,27.06
2017-04-13 09:57:10,27.06,27.07
2017-04-13 09:57:11,27.06,27.07
2017-04-13 09:57:12,27.06,27.07
2017-04-13 09:57:13,27.06,27.07
2017-04-13 09:57:14,27.06,27.07
2017-04-13 09:57:15,27.06,27.07
2017-04-13 09:57:16,27.06,27.07
2017-04-13 09:57:17,27.06,27.07
2017-04-13 09:57:18,27.06,27.07
2017-04-13 09:57:19,27.06,27.07
2017-04-13 09:57:20,27.06,27.07
2017-04-13 09:57:21,27.06,27.07
2017-04-13 09:57:22,27.06,27.07
2017-04-13 09:57:23,27.06,27.07
2017-04-13 09:57:24,27.06,27.07
2017-04-13 09:57:25,27.06,27.07
2017-04-13 09:57:26,27.06,27.07
2017-04-13 09:57:27,27.06,27.07
2017-04-13 09:57:28,27.06,27.07
2017-04-13 09:57:29,27.06,27.07
2017-04-13 09:57:30,27.06,27.07
2017-04-13 09:57:31,27.02,27.03
2017-04-13 09:57:32,27.02,27.03
2017-04-13 09:57:33,27.02,27.03
2017-04-13 09:57:34,27.02,27.03
2017-04-13 09:57:35,27.02,27.03
2017-04-13 09:57:36,27.02,27.03
2017-04-13 09:57:37,27.02,27.03
2017-04-13 09:57:38,27.02,27.03
2017-04-13 09:57:39,27.02,27.03
2017-04-13 09:57:40,27.02,27.03
2017-04-13 09:57:41,27.02,27.03
2017-04-13 09:57:42,27.02,27.03
2017-04-13 09:57:43,27.02,27.03
2017-04-13 09:57:44,27.02,27.03
2017-04-13 09:57:45,27.02,27.03
2017-04-13 09:57:46,27.02,27.03
2017-04-13 09:57:47,27.02,27.03
2017-04-13 09:57:48,27.02,27.03
2017-04-13 09:57:49,27.02,27.03
2017-04-13 09:57:50,27.02,27.03
2017-04-13 09:57:51,27.02,27.03
2017-04-13 09:57:52,27.02,27.03
2017-04-13 09:57:53,27.0,27.01
2017-04-13 09:57:54,27.0,27.01
2017-04-13 09:57:55,26.99,27.0
2017-04-13 09:57:56,26.99,27.0
2017-04-13 09:57:57,26.99,27.0
2017-04-13 09:57:58,26.99,27.0
2017-04-13 09:57:59,26.99,27.0
2017-04-13 09:58:00,26.99,27.0
2017-04-13 09:58:01,26.99,27.0
2017-04-13 09:58:02,26.99,27.0
2017-04-13 09:58:03,26.99,27.0
2017-04-13 09:58:04,26.99,27.0
2017-04-13 09:58:05,26.99,27.0
2017-04-13 09:58:06,27.01,27.02
2017-04-13 09:58:07,27.02,27.03
2017-04-13 09:58:08,27.03,27.04
2017-04-13 09:58:09,27.03,27.04
2017-04-13 09:58:10,27.03,27.04
2017-04-13 09:58:11,27.05,27.06
2017-04-13 09:58:12,27.05,27.06
2017-04-13 09:58:13,27.05,27.06
2017-04-13 09:58:14,27.05,27.06
2017-04-13 09:58:15,27.05,27.06
2017-04-13 09:58:16,27.05,27.06
2017-04-13 09:58:17,27.05,27.06
2017-04-13 09:58:18,27.05,27.06
2017-04-13 09:58:19,27.05,27.06
2017-04-13 09:58:20,27.05,27.06
2017-04-13 09:58:21,27.05,27.06
2017-04-13 09:58:22,27.05,27.06
2017-04-13 09:58:23,27.04,27.06
2017-04-13 09:58:24,27.04,27.05
2017-04-13 09:58:25,27.04,27.05
2017-04-13 09:58:26,27.04,27.05
2017-04-13 09:58:27,27.04,27.05
2017-04-13 09:58:28,27.04,27.05
2017-04-13 09:58:29,27.04,27.05
2017-04-13 09:58:30,27.04,27.05
2017-04-13 09:58:31,27.04,27.05
2017-04-13 09:58:32,27.04,27.05
2017-04-13 09:58:33,27.05,27.06
2017-04-13 09:58:34,27.05,27.06
2017-04-13 09:58:35,27.04,27.05
2017-04-13 09:58:36,27.04,27.05
2017-04-13 09:58:37,27.04,27.05
2017-04-13 09:58:38,27.04,27.05
2017-04-13 09:58:39,27.04,27.05
2017-04-13 09:58:40,27.04,27.05
2017-04-13 09:58:41,27.04,27.05
2017-04-13 09:58:42,27.04,27.05
2017-04-13 09:58:43,27.03,27.04
2017-04-13 09:58:44,27.02,27.03
2017-04-13 09:58:45,27.02,27.03
2017-04-13 09:58:46,27.02,27.03
2017-04-13 09:58:47,27.03,27.04
2017-04-13 09:58:48,27.03,27.04
2017-04-13 09:58:49,27.03,27.04
2017-04-13 09:58:50,27.03,27.04
2017-04-13 09:58:51,27.03,27.04
2017-04-13 09:58:52,27.03,27.04
2017-04-13 09:58:53,27.03,27.04
2017-04-13 09:58:54,27.03,27.04
2017-04-13 09:58:55,27.03,27.04
2017-04-13 09:58:56,27.03,27.04
2017-04-13 09:58:57,27.02,27.03
2017-04-13 09:58:58,27.02,27.03
2017-04-13 09:58:59,27.02,27.03
2017-04-13 09:59:00,27.02,27.03
2017-04-13 09:59:01,27.02,27.03
2017-04-13 09:59:02,27.02,27.03
2017-04-13 09:59:03,27.02,27.03
2017-04-13 09:59:04,27.02,27.03
2017-04-13 09:59:05,27.02,27.03
2017-04-13 09:59:06,27.02,27.03
2017-04-13 09:59:07,27.01,27.02
2017-04-13 09:59:08,27.01,27.02
2017-04-13 09:59:09,27.01,27.02
2017-04-13 09:59:10,27.01,27.02
2017-04-13 09:59:11,27.01,27.02
2017-04-13 09:59:12,27.01,27.02
2017-04-13 09:59:13,27.0,27.01
2017-04-13 09:59:14,27.0,27.01
2017-04-13 09:59:15,27.0,27.01
2017-04-13 09:59:16,27.0,27.01
2017-04-13 09:59:17,27.0,27.01
2017-04-13 09:59:18,27.0,27.01
2017-04-13 09:59:19,27.0,27.01
2017-04-13 09:59:20,27.0,27.01
2017-04-13 09:59:21,26.99,27.0
2017-04-13 09:59:22,26.99,27.0
2017-04-13 09:59:23,26.99,27.0
2017-04-13 09:59:24,26.99,27.0
2017-04-13 09:59:25,26.99,27.0
2017-04-13 09:59:26,27.0,27.01
2017-04-13 09:59:27,27.0,27.01
2017-04-13 09:59:28,27.0,27.01
2017-04-13 09:59:29,27.0,27.01
2017-04-13 09:59:30,27.0,27.01
2017-04-13 09:59:31,27.0,27.01
2017-04-13 09:59:32,26.99,27.0
2017-04-13 09:59:33,26.99,27.0
2017-04-13 09:59:34,26.99,27.0
2017-04-13 09:59:35,27.01,27.02
2017-04-13 09:59:36,27.01,27.02
2017-04-13 09:59:37,27.01,27.02
2017-04-13 09:59:38,27.01,27.02
2017-04-13 09:59:39,27.01,27.02
2017-04-13 09:59:40,27.01,27.02
2017-04-13 09:59:41,27.01,27.02
2017-04-13 09:59:42,27.0,27.01
2017-04-13 09:59:43,27.0,27.01
2017-04-13 09:59:44,27.0,27.01
2017-04-13 09:59:45,27.0,27.01
2017-04-13 09:59:46,27.0,27.01
2017-04-13 09:59:47,27.0,27.01
2017-04-13 09:59:48,27.0,27.01
2017-04-13 09:59:49,27.0,27.01
2017-04-13 09:59:50,27.0,27.01
2017-04-13 09:59:51,27.0,27.01
2017-04-13 09:59:52,27.0,27.01
2017-04-13 09:59:53,27.0,27.01
2017-04-13 09:59:54,27.0,27.01
2017-04-13 09:59:55,27.0,27.01
2017-04-13 09:59:56,27.0,27.01
2017-04-13 09:59:57,27.0,27.01
2017-04-13 09:59:58,27.0,27.01
2017-04-13 09:59:59,27.0,27.01
2017-04-13 10:00:00,27.0,27.01
2017-04-13 10:00:01,27.0,27.01
2017-04-13 10:00:02,27.0,27.01
2017-04-13 10:00:03,26.99,27.0
2017-04-13 10:00:04,26.99,27.0
2017-04-13 10:00:05,26.99,27.0
2017-04-13 10:00:06,27.0,27.01
2017-04-13 10:00:07,27.01,27.02
2017-04-13 10:00:08,27.01,27.02
2017-04-13 10:00:09,27.0,27.01
2017-04-13 10:00:10,27.0,27.01
2017-04-13 10:00:11,27.0,27.01
2017-04-13 10:00:12,27.0,27.01
2017-04-13 10:00:13,27.0,27.01
2017-04-13 10:00:14,27.0,27.01
2017-04-13 10:00:15,27.0,27.01
2017-04-13 10:00:16,27.0,27.01
2017-04-13 10:00:17,27.01,27.02
2017-04-13 10:00:18,27.01,27.02
2017-04-13 10:00:19,27.01,27.02
2017-04-13 10:00:20,27.01,27.02
2017-04-13 10:00:21,27.01,27.02
2017-04-13 10:00:22,27.01,27.02
2017-04-13 10:00:23,27.01,27.02
2017-04-13 10:00:24,27.03,27.04
2017-04-13 10:00:25,27.03,27.04
2017-04-13 10:00:26,27.03,27.04
2017-04-13 10:00:27,27.03,27.04
2017-04-13 10:00:28,27.03,27.04
2017-04-13 10:00:29,27.03,27.04
2017-04-13 10:00:30,27.03,27.04
2017-04-13 10:00:31,27.04,27.05
2017-04-13 10:00:32,27.04,27.05
2017-04-13 10:00:33,27.04,27.05
2017-04-13 10:00:34,27.04,27.05
2017-04-13 10:00:35,27.03,27.04
2017-04-13 10:00:36,27.02,27.03
2017-04-13 10:00:37,27.02,27.03
2017-04-13 10:00:38,27.02,27.03
2017-04-13 10:00:39,27.02,27.03
2017-04-13 10:00:40,27.02,27.03
2017-04-13 10:00:41,27.02,27.03
2017-04-13 10:00:42,27.02,27.03
2017-04-13 10:00:43,27.02,27.03
2017-04-13 10:00:44,27.02,27.03
2017-04-13 10:00:45,27.02,27.03
2017-04-13 10:00:46,27.02,27.03
2017-04-13 10:00:47,27.02,27.03
2017-04-13 10:00:48,27.02,27.03
2017-04-13 10:00:49,27.02,27.03
2017-04-13 10:00:50,27.02,27.03
2017-04-13 10:00:51,27.02,27.03
2017-04-13 10:00:52,27.02,27.03
2017-04-13 10:00:53,27.02,27.03
2017-04-13 10:00:54,27.02,27.03
2017-04-13 10:00:55,27.02,27.03
2017-04-13 10:00:56,27.02,27.03
2017-04-13 10:00:57,27.02,27.03
2017-04-13 10:00:58,27.02,27.03
2017-04-13 10:00:59,27.02,27.03
2017-04-13 10:01:00,27.02,27.03
2017-04-13 10:01:01,27.02,27.03
2017-04-13 10:01:02,27.02,27.03
2017-04-13 10:01:03,27.03,27.04
2017-04-13 10:01:04,27.03,27.04
2017-04-13 10:01:05,27.02,27.03
2017-04-13 10:01:06,27.03,27.04
2017-04-13 10:01:07,27.03,27.04
2017-04-13 10:01:08,27.02,27.03
2017-04-13 10:01:09,27.02,27.03
2017-04-13 10:01:10,27.02,27.03
2017-04-13 10:01:11,27.02,27.03
2017-04-13 10:01:12,27.02,27.03
2017-04-13 10:01:13,27.02,27.03
2017-04-13 10:01:14,27.02,27.03
2017-04-13 10:01:15,27.02,27.03
2017-04-13 10:01:16,27.02,27.03
2017-04-13 10:01:17,27.02,27.03
2017-04-13 10:01:18,27.03,27.04
2017-04-13 10:01:19,27.04,27.05
2017-04-13 10:01:20,27.04,27.05
2017-04-13 10:01:21,27.04,27.05
2017-04-13 10:01:22,27.04,27.05
2017-04-13 10:01:23,27.04,27.05
2017-04-13 10:01:24,27.04,27.05
2017-04-13 10:01:25,27.04,27.05
2017-04-13 10:01:26,27.04,27.05
2017-04-13 10:01:27,27.03,27.04
2017-04-13 10:01:28,27.03,27.04
2017-04-13 10:01:29,27.03,27.04
2017-04-13 10:01:30,27.03,27.04
2017-04-13 10:01:31,27.04,27.05
2017-04-13 10:01:32,27.04,27.05
2017-04-13 10:01:33,27.05,27.06
2017-04-13 10:01:34,27.05,27.06
2017-04-13 10:01:35,27.06,27.07
2017-04-13 10:01:36,27.06,27.07
2017-04-13 10:01:37,27.06,27.07
2017-04-13 10:01:38,27.06,27.07
2017-04-13 10:01:39,27.05,27.06
2017-04-13 10:01:40,27.05,27.06
2017-04-13 10:01:41,27.05,27.06
2017-04-13 10:01:42,27.05,27.06
2017-04-13 10:01:43,27.05,27.06
2017-04-13 10:01:44,27.05,27.06
2017-04-13 10:01:45,27.05,27.06
2017-04-13 10:01:46,27.06,27.07
2017-04-13 10:01:47,27.06,27.07
2017-04-13 10:01:48,27.06,27.07
2017-04-13 10:01:49,27.06,27.07
2017-04-13 10:01:50,27.06,27.07
2017-04-13 10:01:51,27.06,27.07
2017-04-13 10:01:52,27.06,27.07
2017-04-13 10:01:53,27.06,27.07
2017-04-13 10:01:54,27.06,27.07
2017-04-13 10:01:55,27.06,27.07
2017-04-13 10:01:56,27.06,27.07
2017-04-13 10:01:57,27.06,27.07
2017-04-13 10:01:58,27.06,27.07
2017-04-13 10:01:59,27.06,27.07
2017-04-13 10:02:00,27.06,27.07
2017-04-13 10:02:01,27.06,27.07
2017-04-13 10:02:02,27.06,27.07
2017-04-13 10:02:03,27.08,27.09
2017-04-13 10:02:04,27.08,27.09
2017-04-13 10:02:05,27.09,27.1
2017-04-13 10:02:06,27.09,27.1
2017-04-13 10:02:07,27.09,27.1
2017-04-13 10:02:08,27.09,27.1
2017-04-13 10:02:09,27.09,27.1
2017-04-13 10:02:10,27.09,27.1
2017-04-13 10:02:11,27.1,27.11
2017-04-13 10:02:12,27.11,27.12
2017-04-13 10:02:13,27.11,27.12
2017-04-13 10:02:14,27.1,27.11
2017-04-13 10:02:15,27.11,27.12
2017-04-13 10:02:16,27.11,27.12
2017-04-13 10:02:17,27.1,27.11
2017-04-13 10:02:18,27.09,27.1
2017-04-13 10:02:19,27.09,27.1
2017-04-13 10:02:20,27.09,27.1
2017-04-13 10:02:21,27.1,27.11
2017-04-13 10:02:22,27.1,27.11
2017-04-13 10:02:23,27.1,27.11
2017-04-13 10:02:24,27.1,27.11
2017-04-13 10:02:25,27.1,27.11
2017-04-13 10:02:26,27.1,27.11
2017-04-13 10:02:27,27.1,27.11
2017-04-13 10:02:28,27.1,27.11
2017-04-13 10:02:29,27.1,27.11
2017-04-13 10:02:30,27.1,27.11
2017-04-13 10:02:31,27.1,27.11
2017-04-13 10:02:32,27.1,27.11
2017-04-13 10:02:33,27.11,27.12
2017-04-13 10:02:34,27.11,27.12
2017-04-13 10:02:35,27.11,27.12
2017-04-13 10:02:36,27.11,27.12
2017-04-13 10:02:37,27.11,27.12
2017-04-13 10:02:38,27.11,27.12
2017-04-13 10:02:39,27.11,27.12
2017-04-13 10:02:40,27.11,27.12
2017-04-13 10:02:41,27.12,27.13
2017-04-13 10:02:42,27.12,27.13
2017-04-13 10:02:43,27.12,27.13
2017-04-13 10:02:44,27.12,27.13
2017-04-13 10:02:45,27.13,27.14
2017-04-13 10:02:46,27.13,27.14
2017-04-13 10:02:47,27.13,27.14
2017-04-13 10:02:48,27.13,27.14
2017-04-13 10:02:49,27.13,27.14
2017-04-13 10:02:50,27.11,27.12
2017-04-13 10:02:51,27.1,27.11
2017-04-13 10:02:52,27.1,27.11
2017-04-13 10:02:53,27.1,27.11
2017-04-13 10:02:54,27.11,27.12
2017-04-13 10:02:55,27.11,27.12
2017-04-13 10:02:56,27.11,27.12
2017-04-13 10:02:57,27.11,27.12
2017-04-13 10:02:58,27.12,27.13
2017-04-13 10:02:59,27.12,27.13
2017-04-13 10:03:00,27.12,27.13
2017-04-13 10:03:01,27.12,27.13
2017-04-13 10:03:02,27.12,27.13
2017-04-13 10:03:03,27.11,27.12
2017-04-13 10:03:04,27.11,27.12
2017-04-13 10:03:05,27.11,27.12
2017-04-13 10:03:06,27.1,27.11
2017-04-13 10:03:07,27.1,27.11
2017-04-13 10:03:08,27.1,27.11
2017-04-13 10:03:09,27.1,27.11
2017-04-13 10:03:10,27.1,27.11
2017-04-13 10:03:11,27.09,27.1
2017-04-13 10:03:12,27.09,27.1
2017-04-13 10:03:13,27.09,27.1
2017-04-13 10:03:14,27.09,27.1
2017-04-13 10:03:15,27.1,27.11
2017-04-13 10:03:16,27.1,27.11
2017-04-13 10:03:17,27.1,27.11
2017-04-13 10:03:18,27.1,27.11
2017-04-13 10:03:19,27.1,27.11
2017-04-13 10:03:20,27.1,27.11
2017-04-13 10:03:21,27.1,27.11
2017-04-13 10:03:22,27.1,27.11
2017-04-13 10:03:23,27.11,27.12
2017-04-13 10:03:24,27.11,27.12
2017-04-13 10:03:25,27.11,27.12
2017-04-13 10:03:26,27.11,27.12
2017-04-13 10:03:27,27.1,27.11
2017-04-13 10:03:28,27.1,27.11
2017-04-13 10:03:29,27.1,27.11
2017-04-13 10:03:30,27.1,27.11
2017-04-13 10:03:31,27.1,27.11
2017-04-13 10:03:32,27.1,27.11
2017-04-13 10:03:33,27.1,27.11
2017-04-13 10:03:34,27.09,27.1
2017-04-13 10:03:35,27.08,27.09
2017-04-13 10:03:36,27.09,27.1
2017-04-13 10:03:37,27.09,27.1
2017-04-13 10:03:38,27.09,27.1
2017-04-13 10:03:39,27.09,27.1
2017-04-13 10:03:40,27.09,27.1
2017-04-13 10:03:41,27.09,27.1
2017-04-13 10:03:42,27.09,27.1
2017-04-13 10:03:43,27.09,27.1
2017-04-13 10:03:44,27.09,27.1
2017-04-13 10:03:45,27.1,27.11
2017-04-13 10:03:46,27.1,27.11
2017-04-13 10:03:47,27.1,27.11
2017-04-13 10:03:48,27.1,27.11
2017-04-13 10:03:49,27.1,27.11
2017-04-13 10:03:50,27.1,27.11
2017-04-13 10:03:51,27.09,27.1
2017-04-13 10:03:52,27.09,27.1
2017-04-13 10:03:53,27.09,27.1
2017-04-13 10:03:54,27.09,27.1
2017-04-13 10:03:55,27.09,27.1
2017-04-13 10:03:56,27.09,27.1
2017-04-13 10:03:57,27.09,27.1
2017-04-13 10:03:58,27.09,27.1
2017-04-13 10:03:59,27.09,27.1
2017-04-13 10:04:00,27.09,27.1
2017-04-13 10:04:01,27.09,27.1
2017-04-13 10:04:02,27.09,27.1
2017-04-13 10:04:03,27.08,27.09
2017-04-13 10:04:04,27.06,27.07
2017-04-13 10:04:05,27.06,27.07
2017-04-13 10:04:06,27.06,27.07
2017-04-13 10:04:07,27.06,27.07
2017-04-13 10:04:08,27.06,27.07
2017-04-13 10:04:09,27.06,27.07
2017-04-13 10:04:10,27.06,27.07
2017-04-13 10:04:11,27.05,27.06
2017-04-13 10:04:12,27.05,27.06
2017-04-13 10:04:13,27.06,27.07
2017-04-13 10:04:14,27.06,27.07
2017-04-13 10:04:15,27.07,27.08
2017-04-13 10:04:16,27.07,27.08
2017-04-13 10:04:17,27.07,27.08
2017-04-13 10:04:18,27.07,27.08
2017-04-13 10:04:19,27.07,27.08
2017-04-13 10:04:20,27.07,27.08
2017-04-13 10:04:21,27.08,27.09
2017-04-13 10:04:22,27.08,27.09
2017-04-13 10:04:23,27.08,27.09
2017-04-13 10:04:24,27.08,27.09
2017-04-13 10:04:25,27.08,27.09
2017-04-13 10:04:26,27.08,27.09
2017-04-13 10:04:27,27.08,27.09
2017-04-13 10:04:28,27.08,27.09
2017-04-13 10:04:29,27.08,27.09
2017-04-13 10:04:30,27.08,27.09
2017-04-13 10:04:31,27.08,27.09
2017-04-13 10:04:32,27.08,27.09
2017-04-13 10:04:33,27.08,27.09
2017-04-13 10:04:34,27.09,27.1
2017-04-13 10:04:35,27.09,27.1
2017-04-13 10:04:36,27.09,27.1
2017-04-13 10:04:37,27.09,27.1
2017-04-13 10:04:38,27.09,27.1
2017-04-13 10:04:39,27.09,27.1
2017-04-13 10:04:40,27.09,27.1
2017-04-13 10:04:41,27.09,27.1
2017-04-13 10:04:42,27.09,27.1
2017-04-13 10:04:43,27.09,27.1
2017-04-13 10:04:44,27.09,27.1
2017-04-13 10:04:45,27.1,27.11
2017-04-13 10:04:46,27.1,27.11
2017-04-13 10:04:47,27.1,27.11
2017-04-13 10:04:48,27.1,27.11
2017-04-13 10:04:49,27.09,27.1
2017-04-13 10:04:50,27.09,27.1
2017-04-13 10:04:51,27.08,27.09
2017-04-13 10:04:52,27.08,27.09
2017-04-13 10:04:53,27.08,27.09
2017-04-13 10:04:54,27.08,27.09
2017-04-13 10:04:55,27.08,27.09
2017-04-13 10:04:56,27.08,27.09
2017-04-13 10:04:57,27.08,27.09
2017-04-13 10:04:58,27.08,27.09
2017-04-13 10:04:59,27.08,27.09
2017-04-13 10:05:00,27.08,27.09
2017-04-13 10:05:01,27.08,27.09
2017-04-13 10:05:02,27.08,27.09
2017-04-13 10:05:03,27.08,27.09
2017-04-13 10:05:04,27.08,27.09
2017-04-13 10:05:05,27.08,27.09
2017-04-13 10:05:06,27.08,27.09
2017-04-13 10:05:07,27.08,27.09
2017-04-13 10:05:08,27.08,27.09
2017-04-13 10:05:09,27.08,27.09
2017-04-13 10:05:10,27.08,27.09
2017-04-13 10:05:11,27.08,27.09
2017-04-13 10:05:12,27.08,27.09
2017-04-13 10:05:13,27.08,27.09
2017-04-13 10:05:14,27.08,27.09
2017-04-13 10:05:15,27.08,27.09
2017-04-13 10:05:16,27.08,27.09
2017-04-13 10:05:17,27.08,27.09
2017-04-13 10:05:18,27.07,27.08
2017-04-13 10:05:19,27.08,27.09
2017-04-13 10:05:20,27.08,27.09
2017-04-13 10:05:21,27.08,27.09
2017-04-13 10:05:22,27.08,27.09
2017-04-13 10:05:23,27.08,27.09
2017-04-13 10:05:24,27.08,27.09
2017-04-13 10:05:25,27.08,27.09
2017-04-13 10:05:26,27.08,27.09
2017-04-13 10:05:27,27.08,27.09
2017-04-13 10:05:28,27.08,27.09
2017-04-13 10:05:29,27.08,27.09
2017-04-13 10:05:30,27.08,27.09
2017-04-13 10:05:31,27.08,27.09
2017-04-13 10:05:32,27.08,27.09
2017-04-13 10:05:33,27.08,27.09
2017-04-13 10:05:34,27.08,27.09
2017-04-13 10:05:35,27.08,27.09
2017-04-13 10:05:36,27.08,27.09
2017-04-13 10:05:37,27.08,27.09
2017-04-13 10:05:38,27.08,27.09
2017-04-13 10:05:39,27.08,27.09
2017-04-13 10:05:40,27.09,27.1
2017-04-13 10:05:41,27.09,27.1
2017-04-13 10:05:42,27.09,27.1
2017-04-13 10:05:43,27.09,27.1
2017-04-13 10:05:44,27.09,27.1
2017-04-13 10:05:45,27.09,27.1
2017-04-13 10:05:46,27.09,27.1
2017-04-13 10:05:47,27.09,27.1
2017-04-13 10:05:48,27.09,27.1
2017-04-13 10:05:49,27.09,27.1
2017-04-13 10:05:50,27.09,27.1
2017-04-13 10:05:51,27.09,27.1
2017-04-13 10:05:52,27.09,27.1
2017-04-13 10:05:53,27.09,27.1
2017-04-13 10:05:54,27.09,27.1
2017-04-13 10:05:55,27.08,27.09
2017-04-13 10:05:56,27.08,27.09
2017-04-13 10:05:57,27.08,27.09
2017-04-13 10:05:58,27.08,27.09
2017-04-13 10:05:59,27.08,27.09
2017-04-13 10:06:00,27.08,27.09
2017-04-13 10:06:01,27.08,27.09
2017-04-13 10:06:02,27.08,27.09
2017-04-13 10:06:03,27.08,27.09
2017-04-13 10:06:04,27.08,27.09
2017-04-13 10:06:05,27.08,27.09
2017-04-13 10:06:06,27.08,27.09
2017-04-13 10:06:07,27.08,27.09
2017-04-13 10:06:08,27.08,27.09
2017-04-13 10:06:09,27.08,27.09
2017-04-13 10:06:10,27.08,27.09
2017-04-13 10:06:11,27.08,27.09
2017-04-13 10:06:12,27.08,27.09
2017-04-13 10:06:13,27.08,27.09
2017-04-13 10:06:14,27.08,27.09
2017-04-13 10:06:15,27.08,27.09
2017-04-13 10:06:16,27.08,27.09
2017-04-13 10:06:17,27.08,27.09
2017-04-13 10:06:18,27.08,27.09
2017-04-13 10:06:19,27.08,27.09
2017-04-13 10:06:20,27.07,27.08
2017-04-13 10:06:21,27.06,27.07
2017-04-13 10:06:22,27.06,27.07
2017-04-13 10:06:23,27.07,27.08
2017-04-13 10:06:24,27.06,27.07
2017-04-13 10:06:25,27.06,27.07
2017-04-13 10:06:26,27.06,27.07
2017-04-13 10:06:27,27.06,27.07
2017-04-13 10:06:28,27.06,27.07
2017-04-13 10:06:29,27.07,27.08
2017-04-13 10:06:30,27.07,27.08
2017-04-13 10:06:31,27.07,27.08
2017-04-13 10:06:32,27.07,27.08
2017-04-13 10:06:33,27.07,27.08
2017-04-13 10:06:34,27.07,27.08
2017-04-13 10:06:35,27.07,27.08
2017-04-13 10:06:36,27.07,27.08
2017-04-13 10:06:37,27.07,27.08
2017-04-13 10:06:38,27.07,27.08
2017-04-13 10:06:39,27.07,27.08
2017-04-13 10:06:40,27.07,27.08
2017-04-13 10:06:41,27.07,27.08
2017-04-13 10:06:42,27.07,27.08
2017-04-13 10:06:43,27.06,27.07
2017-04-13 10:06:44,27.06,27.07
2017-04-13 10:06:45,27.05,27.06
2017-04-13 10:06:46,27.05,27.06
2017-04-13 10:06:47,27.05,27.06
2017-04-13 10:06:48,27.05,27.06
2017-04-13 10:06:49,27.05,27.06
2017-04-13 10:06:50,27.05,27.06
2017-04-13 10:06:51,27.05,27.06
2017-04-13 10:06:52,27.05,27.06
2017-04-13 10:06:53,27.05,27.06
2017-04-13 10:06:54,27.05,27.06
2017-04-13 10:06:55,27.05,27.06
2017-04-13 10:06:56,27.05,27.06
2017-04-13 10:06:57,27.05,27.06
2017-04-13 10:06:58,27.05,27.06
2017-04-13 10:06:59,27.05,27.06
2017-04-13 10:07:00,27.05,27.06
2017-04-13 10:07:01,27.05,27.06
2017-04-13 10:07:02,27.05,27.06
2017-04-13 10:07:03,27.05,27.06
2017-04-13 10:07:04,27.05,27.06
2017-04-13 10:07:05,27.05,27.06
2017-04-13 10:07:06,27.05,27.06
2017-04-13 10:07:07,27.05,27.06
2017-04-13 10:07:08,27.05,27.06
2017-04-13 10:07:09,27.05,27.06
2017-04-13 10:07:10,27.05,27.06
2017-04-13 10:07:11,27.05,27.06
2017-04-13 10:07:12,27.05,27.06
2017-04-13 10:07:13,27.04,27.05
2017-04-13 10:07:14,27.04,27.05
2017-04-13 10:07:15,27.04,27.05
2017-04-13 10:07:16,27.04,27.05
2017-04-13 10:07:17,27.04,27.05
2017-04-13 10:07:18,27.04,27.05
2017-04-13 10:07:19,27.05,27.06
2017-04-13 10:07:20,27.05,27.06
2017-04-13 10:07:21,27.05,27.06
2017-04-13 10:07:22,27.05,27.06
2017-04-13 10:07:23,27.05,27.06
2017-04-13 10:07:24,27.05,27.06
2017-04-13 10:07:25,27.05,27.06
2017-04-13 10:07:26,27.05,27.06
2017-04-13 10:07:27,27.05,27.06
2017-04-13 10:07:28,27.05,27.06
2017-04-13 10:07:29,27.05,27.06
2017-04-13 10:07:30,27.05,27.06
2017-04-13 10:07:31,27.05,27.06
2017-04-13 10:07:32,27.05,27.06
2017-04-13 10:07:33,27.05,27.06
2017-04-13 10:07:34,27.05,27.06
2017-04-13 10:07:35,27.05,27.06
2017-04-13 10:07:36,27.05,27.06
2017-04-13 10:07:37,27.05,27.06
2017-04-13 10:07:38,27.05,27.06
2017-04-13 10:07:39,27.05,27.06
2017-04-13 10:07:40,27.04,27.05
2017-04-13 10:07:41,27.04,27.05
2017-04-13 10:07:42,27.04,27.05
2017-04-13 10:07:43,27.04,27.05
2017-04-13 10:07:44,27.04,27.05
2017-04-13 10:07:45,27.04,27.05
2017-04-13 10:07:46,27.04,27.05
2017-04-13 10:07:47,27.04,27.05
2017-04-13 10:07:48,27.04,27.05
2017-04-13 10:07:49,27.04,27.05
2017-04-13 10:07:50,27.04,27.05
2017-04-13 10:07:51,27.03,27.04
2017-04-13 10:07:52,27.03,27.04
2017-04-13 10:07:53,27.03,27.04
2017-04-13 10:07:54,27.02,27.03
2017-04-13 10:07:55,27.02,27.03
2017-04-13 10:07:56,27.02,27.03
2017-04-13 10:07:57,27.02,27.03
2017-04-13 10:07:58,27.02,27.03
2017-04-13 10:07:59,27.03,27.04
2017-04-13 10:08:00,27.03,27.04
2017-04-13 10:08:01,27.03,27.04
2017-04-13 10:08:02,27.02,27.03
2017-04-13 10:08:03,27.02,27.03
2017-04-13 10:08:04,27.02,27.03
2017-04-13 10:08:05,27.02,27.03
2017-04-13 10:08:06,27.02,27.03
2017-04-13 10:08:07,27.02,27.03
2017-04-13 10:08:08,27.02,27.03
2017-04-13 10:08:09,27.02,27.03
2017-04-13 10:08:10,27.02,27.03
2017-04-13 10:08:11,27.02,27.03
2017-04-13 10:08:12,27.02,27.03
2017-04-13 10:08:13,27.02,27.03
2017-04-13 10:08:14,27.03,27.04
2017-04-13 10:08:15,27.03,27.04
2017-04-13 10:08:16,27.03,27.04
2017-04-13 10:08:17,27.03,27.04
2017-04-13 10:08:18,27.03,27.04
2017-04-13 10:08:19,27.03,27.04
2017-04-13 10:08:20,27.03,27.04
2017-04-13 10:08:21,27.03,27.04
2017-04-13 10:08:22,27.03,27.04
2017-04-13 10:08:23,27.04,27.05
2017-04-13 10:08:24,27.04,27.05
2017-04-13 10:08:25,27.04,27.05
2017-04-13 10:08:26,27.04,27.05
2017-04-13 10:08:27,27.04,27.05
2017-04-13 10:08:28,27.04,27.05
2017-04-13 10:08:29,27.04,27.05
2017-04-13 10:08:30,27.04,27.05
2017-04-13 10:08:31,27.04,27.05
2017-04-13 10:08:32,27.04,27.05
2017-04-13 10:08:33,27.04,27.05
2017-04-13 10:08:34,27.04,27.05
2017-04-13 10:08:35,27.04,27.05
2017-04-13 10:08:36,27.04,27.05
2017-04-13 10:08:37,27.04,27.05
2017-04-13 10:08:38,27.04,27.05
2017-04-13 10:08:39,27.04,27.05
2017-04-13 10:08:40,27.04,27.05
2017-04-13 10:08:41,27.04,27.05
2017-04-13 10:08:42,27.04,27.05
2017-04-13 10:08:43,27.04,27.05
2017-04-13 10:08:44,27.04,27.05
2017-04-13 10:08:45,27.04,27.05
2017-04-13 10:08:46,27.04,27.05
2017-04-13 10:08:47,27.04,27.05
2017-04-13 10:08:48,27.04,27.05
2017-04-13 10:08:49,27.04,27.05
2017-04-13 10:08:50,27.04,27.05
2017-04-13 10:08:51,27.04,27.05
2017-04-13 10:08:52,27.04,27.05
2017-04-13 10:08:53,27.04,27.05
2017-04-13 10:08:54,27.04,27.05
2017-04-13 10:08:55,27.02,27.03
2017-04-13 10:08:56,27.02,27.03
2017-04-13 10:08:57,27.01,27.02
2017-04-13 10:08:58,27.0,27.01
2017-04-13 10:08:59,27.0,27.01
2017-04-13 10:09:00,27.0,27.01
2017-04-13 10:09:01,27.0,27.01
2017-04-13 10:09:02,27.0,27.01
2017-04-13 10:09:03,27.0,27.01
2017-04-13 10:09:04,27.0,27.01
2017-04-13 10:09:05,27.0,27.01
2017-04-13 10:09:06,27.0,27.01
2017-04-13 10:09:07,27.0,27.01
2017-04-13 10:09:08,27.0,27.01
2017-04-13 10:09:09,27.01,27.02
2017-04-13 10:09:10,27.02,27.03
2017-04-13 10:09:11,27.02,27.03
2017-04-13 10:09:12,27.02,27.03
2017-04-13 10:09:13,27.02,27.03
2017-04-13 10:09:14,27.02,27.03
2017-04-13 10:09:15,27.02,27.03
2017-04-13 10:09:16,27.02,27.03
2017-04-13 10:09:17,27.02,27.03
2017-04-13 10:09:18,27.02,27.03
2017-04-13 10:09:19,27.03,27.04
2017-04-13 10:09:20,27.03,27.04
2017-04-13 10:09:21,27.03,27.04
2017-04-13 10:09:22,27.03,27.04
2017-04-13 10:09:23,27.03,27.04
2017-04-13 10:09:24,27.03,27.04
2017-04-13 10:09:25,27.03,27.04
2017-04-13 10:09:26,27.03,27.04
2017-04-13 10:09:27,27.03,27.04
2017-04-13 10:09:28,27.03,27.04
2017-04-13 10:09:29,27.03,27.04
2017-04-13 10:09:30,27.03,27.04
2017-04-13 10:09:31,27.04,27.05
2017-04-13 10:09:32,27.04,27.05
2017-04-13 10:09:33,27.04,27.05
2017-04-13 10:09:34,27.04,27.05
2017-04-13 10:09:35,27.04,27.05
2017-04-13 10:09:36,27.04,27.05
2017-04-13 10:09:37,27.03,27.04
2017-04-13 10:09:38,27.02,27.03
2017-04-13 10:09:39,27.02,27.03
2017-04-13 10:09:40,27.02,27.03
2017-04-13 10:09:41,27.02,27.03
2017-04-13 10:09:42,27.01,27.02
2017-04-13 10:09:43,27.01,27.02
2017-04-13 10:09:44,27.01,27.02
2017-04-13 10:09:45,27.01,27.02
2017-04-13 10:09:46,27.01,27.02
2017-04-13 10:09:47,27.02,27.03
2017-04-13 10:09:48,27.02,27.03
2017-04-13 10:09:49,27.02,27.03
2017-04-13 10:09:50,27.02,27.03
2017-04-13 10:09:51,27.02,27.03
2017-04-13 10:09:52,27.02,27.03
2017-04-13 10:09:53,27.02,27.03
2017-04-13 10:09:54,27.02,27.03
2017-04-13 10:09:55,27.02,27.03
2017-04-13 10:09:56,27.02,27.03
2017-04-13 10:09:57,27.02,27.03
2017-04-13 10:09:58,27.02,27.03
2017-04-13 10:09:59,27.02,27.03
2017-04-13 10:10:00,27.02,27.03
2017-04-13 10:10:01,27.02,27.03
2017-04-13 10:10:02,27.02,27.03
2017-04-13 10:10:03,27.02,27.03
2017-04-13 10:10:04,27.01,27.02
2017-04-13 10:10:05,27.01,27.02
2017-04-13 10:10:06,27.01,27.02
2017-04-13 10:10:07,27.01,27.02
2017-04-13 10:10:08,27.01,27.02
2017-04-13 10:10:09,27.01,27.02
2017-04-13 10:10:10,27.01,27.02
2017-04-13 10:10:11,27.01,27.02
2017-04-13 10:10:12,27.01,27.02
2017-04-13 10:10:13,27.01,27.02
2017-04-13 10:10:14,27.01,27.02
2017-04-13 10:10:15,27.01,27.02
2017-04-13 10:10:16,27.01,27.02
2017-04-13 10:10:17,27.01,27.02
2017-04-13 10:10:18,27.01,27.02
2017-04-13 10:10:19,27.02,27.03
2017-04-13 10:10:20,27.02,27.03
2017-04-13 10:10:21,27.02,27.03
2017-04-13 10:10:22,27.02,27.03
2017-04-13 10:10:23,27.02,27.03
2017-04-13 10:10:24,27.02,27.03
2017-04-13 10:10:25,27.02,27.03
2017-04-13 10:10:26,27.02,27.03
2017-04-13 10:10:27,27.02,27.03
2017-04-13 10:10:28,27.02,27.03
2017-04-13 10:10:29,27.02,27.03
2017-04-13 10:10:30,27.02,27.03
2017-04-13 10:10:31,27.02,27.03
2017-04-13 10:10:32,27.02,27.03
2017-04-13 10:10:33,27.02,27.03
2017-04-13 10:10:34,27.02,27.03
2017-04-13 10:10:35,27.02,27.03
2017-04-13 10:10:36,27.02,27.03
2017-04-13 10:10:37,27.02,27.03
2017-04-13 10:10:38,27.02,27.03
2017-04-13 10:10:39,27.02,27.03
2017-04-13 10:10:40,27.02,27.03
2017-04-13 10:10:41,27.02,27.03
2017-04-13 10:10:42,27.02,27.03
2017-04-13 10:10:43,27.04,27.05
2017-04-13 10:10:44,27.04,27.05
2017-04-13 10:10:45,27.04,27.05
2017-04-13 10:10:46,27.04,27.05
2017-04-13 10:10:47,27.04,27.05
2017-04-13 10:10:48,27.04,27.05
2017-04-13 10:10:49,27.04,27.05
2017-04-13 10:10:50,27.04,27.05
2017-04-13 10:10:51,27.04,27.05
2017-04-13 10:10:52,27.04,27.05
2017-04-13 10:10:53,27.04,27.05
2017-04-13 10:10:54,27.04,27.05
2017-04-13 10:10:55,27.04,27.05
2017-04-13 10:10:56,27.04,27.05
2017-04-13 10:10:57,27.02,27.03
2017-04-13 10:10:58,27.02,27.03
2017-04-13 10:10:59,27.02,27.03
2017-04-13 10:11:00,27.02,27.03
2017-04-13 10:11:01,27.02,27.03
2017-04-13 10:11:02,27.02,27.03
2017-04-13 10:11:03,27.02,27.03
2017-04-13 10:11:04,27.02,27.03
2017-04-13 10:11:05,27.02,27.03
2017-04-13 10:11:06,27.02,27.03
2017-04-13 10:11:07,27.02,27.03
2017-04-13 10:11:08,27.02,27.03
2017-04-13 10:11:09,27.02,27.03
2017-04-13 10:11:10,27.02,27.03
2017-04-13 10:11:11,27.02,27.03
2017-04-13 10:11:12,27.02,27.03
2017-04-13 10:11:13,27.02,27.03
2017-04-13 10:11:14,27.02,27.03
2017-04-13 10:11:15,27.02,27.03
2017-04-13 10:11:16,27.01,27.02
2017-04-13 10:11:17,27.02,27.03
2017-04-13 10:11:18,27.02,27.03
2017-04-13 10:11:19,27.03,27.04
2017-04-13 10:11:20,27.04,27.05
2017-04-13 10:11:21,27.04,27.05
2017-04-13 10:11:22,27.04,27.05
2017-04-13 10:11:23,27.05,27.06
2017-04-13 10:11:24,27.05,27.06
2017-04-13 10:11:25,27.05,27.06
2017-04-13 10:11:26,27.05,27.06
2017-04-13 10:11:27,27.06,27.07
2017-04-13 10:11:28,27.05,27.06
2017-04-13 10:11:29,27.04,27.05
2017-04-13 10:11:30,27.04,27.05
2017-04-13 10:11:31,27.04,27.05
2017-04-13 10:11:32,27.04,27.05
2017-04-13 10:11:33,27.04,27.05
2017-04-13 10:11:34,27.04,27.05
2017-04-13 10:11:35,27.04,27.05
2017-04-13 10:11:36,27.04,27.05
2017-04-13 10:11:37,27.04,27.05
2017-04-13 10:11:38,27.05,27.06
2017-04-13 10:11:39,27.05,27.06
2017-04-13 10:11:40,27.05,27.06
2017-04-13 10:11:41,27.05,27.06
2017-04-13 10:11:42,27.05,27.06
2017-04-13 10:11:43,27.05,27.06
2017-04-13 10:11:44,27.05,27.06
2017-04-13 10:11:45,27.05,27.06
2017-04-13 10:11:46,27.05,27.06
2017-04-13 10:11:47,27.06,27.07
2017-04-13 10:11:48,27.06,27.07
2017-04-13 10:11:49,27.06,27.07
2017-04-13 10:11:50,27.06,27.07
2017-04-13 10:11:51,27.07,27.08
2017-04-13 10:11:52,27.07,27.08
2017-04-13 10:11:53,27.06,27.07
2017-04-13 10:11:54,27.06,27.07
2017-04-13 10:11:55,27.06,27.07
2017-04-13 10:11:56,27.06,27.07
2017-04-13 10:11:57,27.06,27.07
2017-04-13 10:11:58,27.07,27.08
2017-04-13 10:11:59,27.07,27.08
2017-04-13 10:12:00,27.07,27.08
2017-04-13 10:12:01,27.07,27.08
2017-04-13 10:12:02,27.07,27.08
2017-04-13 10:12:03,27.07,27.08
2017-04-13 10:12:04,27.07,27.08
2017-04-13 10:12:05,27.07,27.08
2017-04-13 10:12:06,27.07,27.08
2017-04-13 10:12:07,27.07,27.08
2017-04-13 10:12:08,27.07,27.08
2017-04-13 10:12:09,27.07,27.08
2017-04-13 10:12:10,27.07,27.08
2017-04-13 10:12:11,27.07,27.08
2017-04-13 10:12:12,27.07,27.08
2017-04-13 10:12:13,27.06,27.07
2017-04-13 10:12:14,27.06,27.07
2017-04-13 10:12:15,27.06,27.07
2017-04-13 10:12:16,27.06,27.07
2017-04-13 10:12:17,27.06,27.07
2017-04-13 10:12:18,27.06,27.07
2017-04-13 10:12:19,27.06,27.07
2017-04-13 10:12:20,27.06,27.07
2017-04-13 10:12:21,27.06,27.07
2017-04-13 10:12:22,27.06,27.07
2017-04-13 10:12:23,27.07,27.08
2017-04-13 10:12:24,27.07,27.08
2017-04-13 10:12:25,27.07,27.08
2017-04-13 10:12:26,27.07,27.08
2017-04-13 10:12:27,27.07,27.08
2017-04-13 10:12:28,27.07,27.08
2017-04-13 10:12:29,27.07,27.08
2017-04-13 10:12:30,27.07,27.08
2017-04-13 10:12:31,27.07,27.08
2017-04-13 10:12:32,27.07,27.08
2017-04-13 10:12:33,27.07,27.08
2017-04-13 10:12:34,27.07,27.08
2017-04-13 10:12:35,27.08,27.09
2017-04-13 10:12:36,27.08,27.09
2017-04-13 10:12:37,27.08,27.09
2017-04-13 10:12:38,27.08,27.09
2017-04-13 10:12:39,27.08,27.09
2017-04-13 10:12:40,27.08,27.09
2017-04-13 10:12:41,27.08,27.09
2017-04-13 10:12:42,27.08,27.09
2017-04-13 10:12:43,27.08,27.09
2017-04-13 10:12:44,27.08,27.09
2017-04-13 10:12:45,27.08,27.09
2017-04-13 10:12:46,27.08,27.09
2017-04-13 10:12:47,27.08,27.09
2017-04-13 10:12:48,27.09,27.1
2017-04-13 10:12:49,27.09,27.1
2017-04-13 10:12:50,27.09,27.1
2017-04-13 10:12:51,27.09,27.1
2017-04-13 10:12:52,27.09,27.1
2017-04-13 10:12:53,27.09,27.1
2017-04-13 10:12:54,27.09,27.1
2017-04-13 10:12:55,27.09,27.1
2017-04-13 10:12:56,27.09,27.1
2017-04-13 10:12:57,27.09,27.1
2017-04-13 10:12:58,27.09,27.1
2017-04-13 10:12:59,27.09,27.1
2017-04-13 10:13:00,27.09,27.1
2017-04-13 10:13:01,27.09,27.1
2017-04-13 10:13:02,27.09,27.1
2017-04-13 10:13:03,27.09,27.1
2017-04-13 10:13:04,27.09,27.1
2017-04-13 10:13:05,27.09,27.1
2017-04-13 10:13:06,27.08,27.09
2017-04-13 10:13:07,27.08,27.09
2017-04-13 10:13:08,27.08,27.09
2017-04-13 10:13:09,27.08,27.09
2017-04-13 10:13:10,27.08,27.09
2017-04-13 10:13:11,27.08,27.09
2017-04-13 10:13:12,27.08,27.09
2017-04-13 10:13:13,27.08,27.09
2017-04-13 10:13:14,27.09,27.1
2017-04-13 10:13:15,27.09,27.1
2017-04-13 10:13:16,27.09,27.1
2017-04-13 10:13:17,27.09,27.1
2017-04-13 10:13:18,27.09,27.1
2017-04-13 10:13:19,27.09,27.1
2017-04-13 10:13:20,27.09,27.1
2017-04-13 10:13:21,27.09,27.1
2017-04-13 10:13:22,27.08,27.09
2017-04-13 10:13:23,27.08,27.09
2017-04-13 10:13:24,27.08,27.09
2017-04-13 10:13:25,27.08,27.09
2017-04-13 10:13:26,27.08,27.09
2017-04-13 10:13:27,27.09,27.09
2017-04-13 10:13:28,27.09,27.09
2017-04-13 10:13:29,27.09,27.1
2017-04-13 10:13:30,27.09,27.1
2017-04-13 10:13:31,27.09,27.1
2017-04-13 10:13:32,27.09,27.1
2017-04-13 10:13:33,27.09,27.1
2017-04-13 10:13:34,27.09,27.1
2017-04-13 10:13:35,27.09,27.1
2017-04-13 10:13:36,27.09,27.1
2017-04-13 10:13:37,27.09,27.1
2017-04-13 10:13:38,27.09,27.1
2017-04-13 10:13:39,27.09,27.1
2017-04-13 10:13:40,27.09,27.1
2017-04-13 10:13:41,27.09,27.1
2017-04-13 10:13:42,27.09,27.1
2017-04-13 10:13:43,27.09,27.1
2017-04-13 10:13:44,27.09,27.1
2017-04-13 10:13:45,27.09,27.1
2017-04-13 10:13:46,27.09,27.1
2017-04-13 10:13:47,27.09,27.1
2017-04-13 10:13:48,27.09,27.1
2017-04-13 10:13:49,27.09,27.1
2017-04-13 10:13:50,27.09,27.1
2017-04-13 10:13:51,27.09,27.1
2017-04-13 10:13:52,27.09,27.1
2017-04-13 10:13:53,27.09,27.1
2017-04-13 10:13:54,27.09,27.1
2017-04-13 10:13:55,27.09,27.1
2017-04-13 10:13:56,27.09,27.1
2017-04-13 10:13:57,27.09,27.1
2017-04-13 10:13:58,27.09,27.1
2017-04-13 10:13:59,27.09,27.1
2017-04-13 10:14:00,27.08,27.09
2017-04-13 10:14:01,27.08,27.09
2017-04-13 10:14:02,27.08,27.09
2017-04-13 10:14:03,27.08,27.09
2017-04-13 10:14:04,27.08,27.09
2017-04-13 10:14:05,27.08,27.09
2017-04-13 10:14:06,27.08,27.09
2017-04-13 10:14:07,27.08,27.09
2017-04-13 10:14:08,27.08,27.09
2017-04-13 10:14:09,27.08,27.09
2017-04-13 10:14:10,27.08,27.09
2017-04-13 10:14:11,27.08,27.09
2017-04-13 10:14:12,27.08,27.09
2017-04-13 10:14:13,27.08,27.09
2017-04-13 10:14:14,27.08,27.09
2017-04-13 10:14:15,27.08,27.09
2017-04-13 10:14:16,27.07,27.08
2017-04-13 10:14:17,27.07,27.08
2017-04-13 10:14:18,27.07,27.08
2017-04-13 10:14:19,27.07,27.08
2017-04-13 10:14:20,27.07,27.08
2017-04-13 10:14:21,27.07,27.08
2017-04-13 10:14:22,27.07,27.08
2017-04-13 10:14:23,27.07,27.08
2017-04-13 10:14:24,27.07,27.08
2017-04-13 10:14:25,27.07,27.08
2017-04-13 10:14:26,27.07,27.08
2017-04-13 10:14:27,27.07,27.08
2017-04-13 10:14:28,27.07,27.08
2017-04-13 10:14:29,27.07,27.08
2017-04-13 10:14:30,27.07,27.08
2017-04-13 10:14:31,27.07,27.08
2017-04-13 10:14:32,27.07,27.08
2017-04-13 10:14:33,27.07,27.08
2017-04-13 10:14:34,27.07,27.08
2017-04-13 10:14:35,27.07,27.08
2017-04-13 10:14:36,27.07,27.08
2017-04-13 10:14:37,27.07,27.08
2017-04-13 10:14:38,27.07,27.08
2017-04-13 10:14:39,27.07,27.08
2017-04-13 10:14:40,27.07,27.08
2017-04-13 10:14:41,27.07,27.08
2017-04-13 10:14:42,27.07,27.08
2017-04-13 10:14:43,27.07,27.08
2017-04-13 10:14:44,27.07,27.08
2017-04-13 10:14:45,27.08,27.09
2017-04-13 10:14:46,27.08,27.09
2017-04-13 10:14:47,27.08,27.09
2017-04-13 10:14:48,27.08,27.09
2017-04-13 10:14:49,27.08,27.09
2017-04-13 10:14:50,27.08,27.09
2017-04-13 10:14:51,27.07,27.08
2017-04-13 10:14:52,27.07,27.08
2017-04-13 10:14:53,27.07,27.08
2017-04-13 10:14:54,27.07,27.08
2017-04-13 10:14:55,27.07,27.08
2017-04-13 10:14:56,27.07,27.08
2017-04-13 10:14:57,27.07,27.08
2017-04-13 10:14:58,27.07,27.08
2017-04-13 10:14:59,27.07,27.08
2017-04-13 10:15:00,27.07,27.08
2017-04-13 10:15:01,27.07,27.08
2017-04-13 10:15:02,27.07,27.08
2017-04-13 10:15:03,27.07,27.08
2017-04-13 10:15:04,27.07,27.08
2017-04-13 10:15:05,27.07,27.08
2017-04-13 10:15:06,27.07,27.08
2017-04-13 10:15:07,27.07,27.08
2017-04-13 10:15:08,27.07,27.08
2017-04-13 10:15:09,27.07,27.08
2017-04-13 10:15:10,27.07,27.08
2017-04-13 10:15:11,27.07,27.08
2017-04-13 10:15:12,27.07,27.08
2017-04-13 10:15:13,27.07,27.08
2017-04-13 10:15:14,27.07,27.08
2017-04-13 10:15:15,27.07,27.08
2017-04-13 10:15:16,27.07,27.08
2017-04-13 10:15:17,27.07,27.08
2017-04-13 10:15:18,27.07,27.08
2017-04-13 10:15:19,27.07,27.08
2017-04-13 10:15:20,27.07,27.08
2017-04-13 10:15:21,27.07,27.08
2017-04-13 10:15:22,27.07,27.08
2017-04-13 10:15:23,27.07,27.08
2017-04-13 10:15:24,27.06,27.07
2017-04-13 10:15:25,27.05,27.06
2017-04-13 10:15:26,27.04,27.05
2017-04-13 10:15:27,27.05,27.06
2017-04-13 10:15:28,27.05,27.06
2017-04-13 10:15:29,27.05,27.06
2017-04-13 10:15:30,27.05,27.06
2017-04-13 10:15:31,27.05,27.06
2017-04-13 10:15:32,27.05,27.06
2017-04-13 10:15:33,27.05,27.06
2017-04-13 10:15:34,27.05,27.06
2017-04-13 10:15:35,27.05,27.06
2017-04-13 10:15:36,27.05,27.06
2017-04-13 10:15:37,27.05,27.06
2017-04-13 10:15:38,27.05,27.06
2017-04-13 10:15:39,27.05,27.06
2017-04-13 10:15:40,27.06,27.07
2017-04-13 10:15:41,27.06,27.07
2017-04-13 10:15:42,27.06,27.07
2017-04-13 10:15:43,27.06,27.07
2017-04-13 10:15:44,27.06,27.07
2017-04-13 10:15:45,27.06,27.07
2017-04-13 10:15:46,27.06,27.07
2017-04-13 10:15:47,27.06,27.07
2017-04-13 10:15:48,27.06,27.07
2017-04-13 10:15:49,27.06,27.07
2017-04-13 10:15:50,27.06,27.07
2017-04-13 10:15:51,27.06,27.07
2017-04-13 10:15:52,27.06,27.07
2017-04-13 10:15:53,27.06,27.07
2017-04-13 10:15:54,27.06,27.07
2017-04-13 10:15:55,27.06,27.07
2017-04-13 10:15:56,27.06,27.07
2017-04-13 10:15:57,27.06,27.07
2017-04-13 10:15:58,27.07,27.08
2017-04-13 10:15:59,27.07,27.08
2017-04-13 10:16:00,27.07,27.08
2017-04-13 10:16:01,27.07,27.08
2017-04-13 10:16:02,27.07,27.08
2017-04-13 10:16:03,27.07,27.08
2017-04-13 10:16:04,27.07,27.08
2017-04-13 10:16:05,27.07,27.08
2017-04-13 10:16:06,27.07,27.08
2017-04-13 10:16:07,27.08,27.09
2017-04-13 10:16:08,27.08,27.09
2017-04-13 10:16:09,27.09,27.1
2017-04-13 10:16:10,27.09,27.1
2017-04-13 10:16:11,27.09,27.1
2017-04-13 10:16:12,27.09,27.1
2017-04-13 10:16:13,27.09,27.1
2017-04-13 10:16:14,27.1,27.11
2017-04-13 10:16:15,27.1,27.11
2017-04-13 10:16:16,27.1,27.11
2017-04-13 10:16:17,27.1,27.11
2017-04-13 10:16:18,27.1,27.11
2017-04-13 10:16:19,27.1,27.11
2017-04-13 10:16:20,27.1,27.11
2017-04-13 10:16:21,27.1,27.11
2017-04-13 10:16:22,27.1,27.11
2017-04-13 10:16:23,27.1,27.11
2017-04-13 10:16:24,27.1,27.11
2017-04-13 10:16:25,27.09,27.1
2017-04-13 10:16:26,27.09,27.1
2017-04-13 10:16:27,27.09,27.1
2017-04-13 10:16:28,27.1,27.11
2017-04-13 10:16:29,27.1,27.11
2017-04-13 10:16:30,27.1,27.11
2017-04-13 10:16:31,27.1,27.11
2017-04-13 10:16:32,27.1,27.11
2017-04-13 10:16:33,27.1,27.11
2017-04-13 10:16:34,27.09,27.1
2017-04-13 10:16:35,27.09,27.1
2017-04-13 10:16:36,27.09,27.1
2017-04-13 10:16:37,27.09,27.1
2017-04-13 10:16:38,27.09,27.1
2017-04-13 10:16:39,27.09,27.1
2017-04-13 10:16:40,27.09,27.1
2017-04-13 10:16:41,27.09,27.1
2017-04-13 10:16:42,27.09,27.1
2017-04-13 10:16:43,27.09,27.1
2017-04-13 10:16:44,27.09,27.1
2017-04-13 10:16:45,27.08,27.09
2017-04-13 10:16:46,27.08,27.09
2017-04-13 10:16:47,27.08,27.09
2017-04-13 10:16:48,27.08,27.09
2017-04-13 10:16:49,27.08,27.09
2017-04-13 10:16:50,27.08,27.09
2017-04-13 10:16:51,27.08,27.09
2017-04-13 10:16:52,27.08,27.09
2017-04-13 10:16:53,27.08,27.09
2017-04-13 10:16:54,27.08,27.09
2017-04-13 10:16:55,27.08,27.09
2017-04-13 10:16:56,27.08,27.09
2017-04-13 10:16:57,27.08,27.09
2017-04-13 10:16:58,27.08,27.09
2017-04-13 10:16:59,27.08,27.09
2017-04-13 10:17:00,27.09,27.1
2017-04-13 10:17:01,27.09,27.1
2017-04-13 10:17:02,27.09,27.1
2017-04-13 10:17:03,27.09,27.1
2017-04-13 10:17:04,27.09,27.1
2017-04-13 10:17:05,27.09,27.1
2017-04-13 10:17:06,27.09,27.1
2017-04-13 10:17:07,27.09,27.1
2017-04-13 10:17:08,27.09,27.1
2017-04-13 10:17:09,27.09,27.1
2017-04-13 10:17:10,27.09,27.1
2017-04-13 10:17:11,27.09,27.1
2017-04-13 10:17:12,27.09,27.1
2017-04-13 10:17:13,27.1,27.11
2017-04-13 10:17:14,27.1,27.11
2017-04-13 10:17:15,27.1,27.11
2017-04-13 10:17:16,27.1,27.11
2017-04-13 10:17:17,27.1,27.11
2017-04-13 10:17:18,27.1,27.11
2017-04-13 10:17:19,27.1,27.11
2017-04-13 10:17:20,27.1,27.11
2017-04-13 10:17:21,27.11,27.12
2017-04-13 10:17:22,27.13,27.14
2017-04-13 10:17:23,27.12,27.13
2017-04-13 10:17:24,27.12,27.13
2017-04-13 10:17:25,27.12,27.13
2017-04-13 10:17:26,27.13,27.14
2017-04-13 10:17:27,27.13,27.14
2017-04-13 10:17:28,27.13,27.14
2017-04-13 10:17:29,27.13,27.14
2017-04-13 10:17:30,27.13,27.14
2017-04-13 10:17:31,27.13,27.14
2017-04-13 10:17:32,27.13,27.14
2017-04-13 10:17:33,27.13,27.14
2017-04-13 10:17:34,27.13,27.14
2017-04-13 10:17:35,27.13,27.14
2017-04-13 10:17:36,27.12,27.13
2017-04-13 10:17:37,27.12,27.13
2017-04-13 10:17:38,27.12,27.13
2017-04-13 10:17:39,27.12,27.13
2017-04-13 10:17:40,27.12,27.13
2017-04-13 10:17:41,27.12,27.13
2017-04-13 10:17:42,27.12,27.13
2017-04-13 10:17:43,27.12,27.13
2017-04-13 10:17:44,27.12,27.13
2017-04-13 10:17:45,27.12,27.13
2017-04-13 10:17:46,27.12,27.13
2017-04-13 10:17:47,27.12,27.13
2017-04-13 10:17:48,27.12,27.13
2017-04-13 10:17:49,27.12,27.13
2017-04-13 10:17:50,27.12,27.13
2017-04-13 10:17:51,27.12,27.13
2017-04-13 10:17:52,27.12,27.13
2017-04-13 10:17:53,27.11,27.12
2017-04-13 10:17:54,27.1,27.11
2017-04-13 10:17:55,27.1,27.11
2017-04-13 10:17:56,27.1,27.11
2017-04-13 10:17:57,27.1,27.11
2017-04-13 10:17:58,27.1,27.11
2017-04-13 10:17:59,27.1,27.11
2017-04-13 10:18:00,27.1,27.11
2017-04-13 10:18:01,27.1,27.11
2017-04-13 10:18:02,27.09,27.1
2017-04-13 10:18:03,27.09,27.1
2017-04-13 10:18:04,27.09,27.1
2017-04-13 10:18:05,27.09,27.1
2017-04-13 10:18:06,27.09,27.1
2017-04-13 10:18:07,27.1,27.11
2017-04-13 10:18:08,27.08,27.09
2017-04-13 10:18:09,27.08,27.09
2017-04-13 10:18:10,27.08,27.09
2017-04-13 10:18:11,27.08,27.09
2017-04-13 10:18:12,27.08,27.09
2017-04-13 10:18:13,27.08,27.09
2017-04-13 10:18:14,27.08,27.09
2017-04-13 10:18:15,27.08,27.09
2017-04-13 10:18:16,27.08,27.09
2017-04-13 10:18:17,27.08,27.09
2017-04-13 10:18:18,27.08,27.09
2017-04-13 10:18:19,27.08,27.09
2017-04-13 10:18:20,27.08,27.09
2017-04-13 10:18:21,27.07,27.08
2017-04-13 10:18:22,27.07,27.08
2017-04-13 10:18:23,27.07,27.08
2017-04-13 10:18:24,27.06,27.07
2017-04-13 10:18:25,27.06,27.07
2017-04-13 10:18:26,27.07,27.08
2017-04-13 10:18:27,27.07,27.08
2017-04-13 10:18:28,27.07,27.08
2017-04-13 10:18:29,27.07,27.08
2017-04-13 10:18:30,27.07,27.08
2017-04-13 10:18:31,27.07,27.08
2017-04-13 10:18:32,27.07,27.08
2017-04-13 10:18:33,27.07,27.08
2017-04-13 10:18:34,27.07,27.08
2017-04-13 10:18:35,27.07,27.08
2017-04-13 10:18:36,27.07,27.08
2017-04-13 10:18:37,27.07,27.08
2017-04-13 10:18:38,27.07,27.08
2017-04-13 10:18:39,27.08,27.09
2017-04-13 10:18:40,27.08,27.09
2017-04-13 10:18:41,27.08,27.09
2017-04-13 10:18:42,27.08,27.09
2017-04-13 10:18:43,27.08,27.09
2017-04-13 10:18:44,27.08,27.09
2017-04-13 10:18:45,27.08,27.09
2017-04-13 10:18:46,27.07,27.08
2017-04-13 10:18:47,27.07,27.08
2017-04-13 10:18:48,27.07,27.08
2017-04-13 10:18:49,27.07,27.08
2017-04-13 10:18:50,27.07,27.08
2017-04-13 10:18:51,27.07,27.08
2017-04-13 10:18:52,27.07,27.08
2017-04-13 10:18:53,27.07,27.08
2017-04-13 10:18:54,27.07,27.08
2017-04-13 10:18:55,27.07,27.08
2017-04-13 10:18:56,27.07,27.08
2017-04-13 10:18:57,27.07,27.08
2017-04-13 10:18:58,27.08,27.09
2017-04-13 10:18:59,27.08,27.09
2017-04-13 10:19:00,27.08,27.09
2017-04-13 10:19:01,27.08,27.09
2017-04-13 10:19:02,27.08,27.09
2017-04-13 10:19:03,27.08,27.09
2017-04-13 10:19:04,27.07,27.08
2017-04-13 10:19:05,27.07,27.08
2017-04-13 10:19:06,27.07,27.08
2017-04-13 10:19:07,27.07,27.08
2017-04-13 10:19:08,27.07,27.08
2017-04-13 10:19:09,27.07,27.08
2017-04-13 10:19:10,27.07,27.08
2017-04-13 10:19:11,27.07,27.08
2017-04-13 10:19:12,27.09,27.1
2017-04-13 10:19:13,27.09,27.1
2017-04-13 10:19:14,27.09,27.1
2017-04-13 10:19:15,27.09,27.1
2017-04-13 10:19:16,27.09,27.1
2017-04-13 10:19:17,27.09,27.1
2017-04-13 10:19:18,27.09,27.1
2017-04-13 10:19:19,27.09,27.1
2017-04-13 10:19:20,27.09,27.1
2017-04-13 10:19:21,27.09,27.1
2017-04-13 10:19:22,27.09,27.1
2017-04-13 10:19:23,27.09,27.1
2017-04-13 10:19:24,27.09,27.1
2017-04-13 10:19:25,27.08,27.09
2017-04-13 10:19:26,27.08,27.09
2017-04-13 10:19:27,27.08,27.09
2017-04-13 10:19:28,27.07,27.08
2017-04-13 10:19:29,27.07,27.08
2017-04-13 10:19:30,27.06,27.07
2017-04-13 10:19:31,27.06,27.07
2017-04-13 10:19:32,27.06,27.07
2017-04-13 10:19:33,27.05,27.06
2017-04-13 10:19:34,27.04,27.05
2017-04-13 10:19:35,27.04,27.05
2017-04-13 10:19:36,27.04,27.05
2017-04-13 10:19:37,27.04,27.05
2017-04-13 10:19:38,27.04,27.05
2017-04-13 10:19:39,27.04,27.05
2017-04-13 10:19:40,27.04,27.05
2017-04-13 10:19:41,27.04,27.05
2017-04-13 10:19:42,27.04,27.05
2017-04-13 10:19:43,27.03,27.04
2017-04-13 10:19:44,27.03,27.04
2017-04-13 10:19:45,27.03,27.04
2017-04-13 10:19:46,27.02,27.03
2017-04-13 10:19:47,27.03,27.04
2017-04-13 10:19:48,27.03,27.04
2017-04-13 10:19:49,27.03,27.04
2017-04-13 10:19:50,27.03,27.04
2017-04-13 10:19:51,27.03,27.04
2017-04-13 10:19:52,27.03,27.04
2017-04-13 10:19:53,27.04,27.05
2017-04-13 10:19:54,27.04,27.05
2017-04-13 10:19:55,27.04,27.05
2017-04-13 10:19:56,27.05,27.06
2017-04-13 10:19:57,27.06,27.07
2017-04-13 10:19:58,27.06,27.07
2017-04-13 10:19:59,27.05,27.06
2017-04-13 10:20:00,27.05,27.06
2017-04-13 10:20:01,27.04,27.05
2017-04-13 10:20:02,27.04,27.05
2017-04-13 10:20:03,27.04,27.05
2017-04-13 10:20:04,27.03,27.04
2017-04-13 10:20:05,27.03,27.04
2017-04-13 10:20:06,27.03,27.04
2017-04-13 10:20:07,27.03,27.04
2017-04-13 10:20:08,27.03,27.04
2017-04-13 10:20:09,27.03,27.04
2017-04-13 10:20:10,27.03,27.04
2017-04-13 10:20:11,27.03,27.04
2017-04-13 10:20:12,27.03,27.04
2017-04-13 10:20:13,27.03,27.04
2017-04-13 10:20:14,27.03,27.04
2017-04-13 10:20:15,27.02,27.03
2017-04-13 10:20:16,27.02,27.03
2017-04-13 10:20:17,27.02,27.03
2017-04-13 10:20:18,27.02,27.03
2017-04-13 10:20:19,27.02,27.03
2017-04-13 10:20:20,27.02,27.03
2017-04-13 10:20:21,27.02,27.03
2017-04-13 10:20:22,27.02,27.03
2017-04-13 10:20:23,27.02,27.03
2017-04-13 10:20:24,27.02,27.03
2017-04-13 10:20:25,27.02,27.03
2017-04-13 10:20:26,27.03,27.04
2017-04-13 10:20:27,27.03,27.04
2017-04-13 10:20:28,27.03,27.04
2017-04-13 10:20:29,27.03,27.04
2017-04-13 10:20:30,27.03,27.04
2017-04-13 10:20:31,27.02,27.03
2017-04-13 10:20:32,27.02,27.03
2017-04-13 10:20:33,27.02,27.03
2017-04-13 10:20:34,27.02,27.03
2017-04-13 10:20:35,27.02,27.03
2017-04-13 10:20:36,27.02,27.03
2017-04-13 10:20:37,27.02,27.03
2017-04-13 10:20:38,27.02,27.03
2017-04-13 10:20:39,27.02,27.03
2017-04-13 10:20:40,27.02,27.03
2017-04-13 10:20:41,27.02,27.03
2017-04-13 10:20:42,27.01,27.02
2017-04-13 10:20:43,27.0,27.01
2017-04-13 10:20:44,27.0,27.01
2017-04-13 10:20:45,27.0,27.01
2017-04-13 10:20:46,27.0,27.01
2017-04-13 10:20:47,27.0,27.01
2017-04-13 10:20:48,27.0,27.01
2017-04-13 10:20:49,27.0,27.01
2017-04-13 10:20:50,27.0,27.01
2017-04-13 10:20:51,27.0,27.01
2017-04-13 10:20:52,27.0,27.01
2017-04-13 10:20:53,27.0,27.01
2017-04-13 10:20:54,27.0,27.01
2017-04-13 10:20:55,26.99,27.0
2017-04-13 10:20:56,26.99,27.0
2017-04-13 10:20:57,26.99,27.0
2017-04-13 10:20:58,26.99,27.0
2017-04-13 10:20:59,26.99,27.0
2017-04-13 10:21:00,26.98,26.99
2017-04-13 10:21:01,26.97,26.98
2017-04-13 10:21:02,26.99,27.0
2017-04-13 10:21:03,27.0,27.01
2017-04-13 10:21:04,27.0,27.01
2017-04-13 10:21:05,27.0,27.01
2017-04-13 10:21:06,27.0,27.01
2017-04-13 10:21:07,27.0,27.01
2017-04-13 10:21:08,27.0,27.01
2017-04-13 10:21:09,27.0,27.01
2017-04-13 10:21:10,27.0,27.01
2017-04-13 10:21:11,27.0,27.01
2017-04-13 10:21:12,27.01,27.02
2017-04-13 10:21:13,27.01,27.02
2017-04-13 10:21:14,27.01,27.02
2017-04-13 10:21:15,27.01,27.02
2017-04-13 10:21:16,27.01,27.02
2017-04-13 10:21:17,27.01,27.02
2017-04-13 10:21:18,27.02,27.03
2017-04-13 10:21:19,27.02,27.03
2017-04-13 10:21:20,27.02,27.03
2017-04-13 10:21:21,27.02,27.03
2017-04-13 10:21:22,27.02,27.03
2017-04-13 10:21:23,27.03,27.04
2017-04-13 10:21:24,27.02,27.03
2017-04-13 10:21:25,27.02,27.03
2017-04-13 10:21:26,27.02,27.03
2017-04-13 10:21:27,27.02,27.03
2017-04-13 10:21:28,27.02,27.03
2017-04-13 10:21:29,27.02,27.03
2017-04-13 10:21:30,27.02,27.03
2017-04-13 10:21:31,27.02,27.03
2017-04-13 10:21:32,27.02,27.03
2017-04-13 10:21:33,27.02,27.03
2017-04-13 10:21:34,27.02,27.03
2017-04-13 10:21:35,27.02,27.03
2017-04-13 10:21:36,27.02,27.03
2017-04-13 10:21:37,27.02,27.03
2017-04-13 10:21:38,27.02,27.03
2017-04-13 10:21:39,27.02,27.03
2017-04-13 10:21:40,27.02,27.03
2017-04-13 10:21:41,27.02,27.03
2017-04-13 10:21:42,27.02,27.03
2017-04-13 10:21:43,27.02,27.03
2017-04-13 10:21:44,27.02,27.03
2017-04-13 10:21:45,27.02,27.03
2017-04-13 10:21:46,27.02,27.03
2017-04-13 10:21:47,27.03,27.04
2017-04-13 10:21:48,27.03,27.04
2017-04-13 10:21:49,27.03,27.04
2017-04-13 10:21:50,27.03,27.04
2017-04-13 10:21:51,27.03,27.04
2017-04-13 10:21:52,27.03,27.04
2017-04-13 10:21:53,27.03,27.04
2017-04-13 10:21:54,27.03,27.04
2017-04-13 10:21:55,27.03,27.04
2017-04-13 10:21:56,27.03,27.04
2017-04-13 10:21:57,27.03,27.04
2017-04-13 10:21:58,27.03,27.04
2017-04-13 10:21:59,27.03,27.04
2017-04-13 10:22:00,27.03,27.04
2017-04-13 10:22:01,27.03,27.04
2017-04-13 10:22:02,27.03,27.04
2017-04-13 10:22:03,27.03,27.04
2017-04-13 10:22:04,27.03,27.04
2017-04-13 10:22:05,27.03,27.04
2017-04-13 10:22:06,27.02,27.03
2017-04-13 10:22:07,27.02,27.03
2017-04-13 10:22:08,27.02,27.03
2017-04-13 10:22:09,27.02,27.03
2017-04-13 10:22:10,27.02,27.03
2017-04-13 10:22:11,27.02,27.03
2017-04-13 10:22:12,27.02,27.03
2017-04-13 10:22:13,27.01,27.02
2017-04-13 10:22:14,27.01,27.02
2017-04-13 10:22:15,27.01,27.02
2017-04-13 10:22:16,27.01,27.02
2017-04-13 10:22:17,27.01,27.02
2017-04-13 10:22:18,27.0,27.01
2017-04-13 10:22:19,27.0,27.01
2017-04-13 10:22:20,27.0,27.01
2017-04-13 10:22:21,27.0,27.01
2017-04-13 10:22:22,26.99,27.0
2017-04-13 10:22:23,26.99,27.0
2017-04-13 10:22:24,27.0,27.01
