datetime,direct.bid1,direct.ask1
2017-04-13 09:30:00,117.94,118.85
2017-04-13 09:30:01,118.37,118.51
2017-04-13 09:30:02,118.24,118.53
2017-04-13 09:30:03,118.25,118.52
2017-04-13 09:30:04,118.25,118.52
2017-04-13 09:30:05,118.25,118.52
2017-04-13 09:30:06,118.25,118.52
2017-04-13 09:30:07,118.34,118.52
2017-04-13 09:30:08,118.33,118.52
2017-04-13 09:30:09,118.34,118.52
2017-04-13 09:30:10,118.32,118.52
2017-04-13 09:30:11,118.25,118.52
2017-04-13 09:30:12,118.25,118.52
2017-04-13 09:30:13,118.25,118.52
2017-04-13 09:30:14,118.25,118.52
2017-04-13 09:30:15,118.25,118.52
2017-04-13 09:30:16,118.25,118.52
2017-04-13 09:30:17,118.25,118.52
2017-04-13 09:30:18,118.25,118.52
2017-04-13 09:30:19,118.25,118.52
2017-04-13 09:30:20,118.25,118.52
2017-04-13 09:30:21,118.3,118.52
2017-04-13 09:30:22,118.3,118.52
2017-04-13 09:30:23,118.29,118.52
2017-04-13 09:30:24,118.33,118.52
2017-04-13 09:30:25,118.33,118.52
2017-04-13 09:30:26,118.33,118.52
2017-04-13 09:30:27,118.33,118.52
2017-04-13 09:30:28,118.33,118.52
2017-04-13 09:30:29,118.33,118.52
2017-04-13 09:30:30,118.31,118.5
2017-04-13 09:30:31,118.31,118.5
2017-04-13 09:30:32,118.31,118.5
2017-04-13 09:30:33,118.31,118.5
2017-04-13 09:30:34,118.31,118.5
2017-04-13 09:30:35,118.31,118.5
2017-04-13 09:30:36,118.31,118.5
2017-04-13 09:30:37,118.31,118.5
2017-04-13 09:30:38,118.31,118.5
2017-04-13 09:30:39,118.27,118.49
2017-04-13 09:30:40,118.26,118.48
2017-04-13 09:30:41,118.25,118.45
2017-04-13 09:30:42,118.25,118.45
2017-04-13 09:30:43,118.25,118.45
2017-04-13 09:30:44,118.25,118.45
2017-04-13 09:30:45,118.25,118.44
2017-04-13 09:30:46,118.25,118.44
2017-04-13 09:30:47,118.25,118.42
2017-04-13 09:30:48,118.25,118.42
2017-04-13 09:30:49,118.25,118.42
2017-04-13 09:30:50,118.25,118.42
2017-04-13 09:30:51,118.25,118.42
2017-04-13 09:30:52,118.26,118.42
2017-04-13 09:30:53,118.25,118.42
2017-04-13 09:30:54,118.25,118.41
2017-04-13 09:30:55,118.25,118.41
2017-04-13 09:30:56,118.25,118.4
2017-04-13 09:30:57,118.25,118.4
2017-04-13 09:30:58,118.25,118.38
2017-04-13 09:30:59,118.25,118.38
2017-04-13 09:31:00,118.25,118.37
2017-04-13 09:31:01,118.25,118.37
2017-04-13 09:31:02,118.25,118.37
2017-04-13 09:31:03,118.25,118.37
2017-04-13 09:31:04,118.25,118.37
2017-04-13 09:31:05,118.25,118.37
2017-04-13 09:31:06,118.25,118.37
2017-04-13 09:31:07,118.25,118.37
2017-04-13 09:31:08,118.25,118.37
2017-04-13 09:31:09,118.25,118.37
2017-04-13 09:31:10,118.25,118.37
2017-04-13 09:31:11,118.25,118.37
2017-04-13 09:31:12,118.25,118.37
2017-04-13 09:31:13,118.25,118.37
2017-04-13 09:31:14,118.25,118.37
2017-04-13 09:31:15,118.25,118.37
2017-04-13 09:31:16,118.25,118.37
2017-04-13 09:31:17,118.25,118.37
2017-04-13 09:31:18,118.25,118.37
2017-04-13 09:31:19,118.26,118.38
2017-04-13 09:31:20,118.26,118.38
2017-04-13 09:31:21,118.26,118.38
2017-04-13 09:31:22,118.26,118.38
2017-04-13 09:31:23,118.26,118.38
2017-04-13 09:31:24,118.26,118.38
2017-04-13 09:31:25,118.26,118.38
2017-04-13 09:31:26,118.26,118.39
2017-04-13 09:31:27,118.26,118.39
2017-04-13 09:31:28,118.26,118.39
2017-04-13 09:31:29,118.26,118.39
2017-04-13 09:31:30,118.26,118.41
2017-04-13 09:31:31,118.26,118.41
2017-04-13 09:31:32,118.26,118.41
2017-04-13 09:31:33,118.26,118.41
2017-04-13 09:31:34,118.26,118.41
2017-04-13 09:31:35,118.26,118.4
2017-04-13 09:31:36,118.26,118.39
2017-04-13 09:31:37,118.26,118.39
2017-04-13 09:31:38,118.26,118.39
2017-04-13 09:31:39,118.26,118.39
2017-04-13 09:31:40,118.26,118.39
2017-04-13 09:31:41,118.26,118.39
2017-04-13 09:31:42,118.26,118.39
2017-04-13 09:31:43,118.26,118.39
2017-04-13 09:31:44,118.26,118.38
2017-04-13 09:31:45,118.26,118.38
2017-04-13 09:31:46,118.26,118.38
2017-04-13 09:31:47,118.26,118.38
2017-04-13 09:31:48,118.26,118.38
2017-04-13 09:31:49,118.26,118.38
2017-04-13 09:31:50,118.26,118.38
2017-04-13 09:31:51,118.26,118.38
2017-04-13 09:31:52,118.26,118.38
2017-04-13 09:31:53,118.26,118.38
2017-04-13 09:31:54,118.26,118.38
2017-04-13 09:31:55,118.26,118.38
2017-04-13 09:31:56,118.26,118.38
2017-04-13 09:31:57,118.26,118.38
2017-04-13 09:31:58,118.26,118.38
2017-04-13 09:31:59,118.26,118.38
2017-04-13 09:32:00,118.26,118.6
2017-04-13 09:32:01,118.26,118.6
2017-04-13 09:32:02,118.26,118.6
2017-04-13 09:32:03,118.26,118.56
2017-04-13 09:32:04,118.26,118.4
2017-04-13 09:32:05,118.26,118.39
2017-04-13 09:32:06,118.26,118.38
2017-04-13 09:32:07,118.26,118.38
2017-04-13 09:32:08,118.26,118.38
2017-04-13 09:32:09,118.26,118.38
2017-04-13 09:32:10,118.26,118.57
2017-04-13 09:32:11,118.26,118.57
2017-04-13 09:32:12,118.26,118.4
2017-04-13 09:32:13,118.26,118.4
2017-04-13 09:32:14,118.26,118.39
2017-04-13 09:32:15,118.26,118.4
2017-04-13 09:32:16,118.26,118.39
2017-04-13 09:32:17,118.26,118.39
2017-04-13 09:32:18,118.26,118.39
2017-04-13 09:32:19,118.26,118.39
2017-04-13 09:32:20,118.26,118.44
2017-04-13 09:32:21,118.26,118.44
2017-04-13 09:32:22,118.26,118.43
2017-04-13 09:32:23,118.26,118.43
2017-04-13 09:32:24,118.26,118.43
2017-04-13 09:32:25,118.26,118.43
2017-04-13 09:32:26,118.26,118.43
2017-04-13 09:32:27,118.26,118.43
2017-04-13 09:32:28,118.26,118.43
2017-04-13 09:32:29,118.27,118.57
2017-04-13 09:32:30,118.27,118.45
2017-04-13 09:32:31,118.28,118.57
2017-04-13 09:32:32,118.3,118.47
2017-04-13 09:32:33,118.3,118.47
2017-04-13 09:32:34,118.3,118.47
2017-04-13 09:32:35,118.3,118.45
2017-04-13 09:32:36,118.3,118.45
2017-04-13 09:32:37,118.3,118.47
2017-04-13 09:32:38,118.3,118.47
2017-04-13 09:32:39,118.3,118.48
2017-04-13 09:32:40,118.3,118.48
2017-04-13 09:32:41,118.3,118.48
2017-04-13 09:32:42,118.3,118.48
2017-04-13 09:32:43,118.3,118.48
2017-04-13 09:32:44,118.31,118.47
2017-04-13 09:32:45,118.31,118.47
2017-04-13 09:32:46,118.31,118.47
2017-04-13 09:32:47,118.31,118.47
2017-04-13 09:32:48,118.31,118.46
2017-04-13 09:32:49,118.31,118.47
2017-04-13 09:32:50,118.31,118.47
2017-04-13 09:32:51,118.31,118.47
2017-04-13 09:32:52,118.31,118.46
2017-04-13 09:32:53,118.31,118.46
2017-04-13 09:32:54,118.31,118.46
2017-04-13 09:32:55,118.31,118.46
2017-04-13 09:32:56,118.31,118.46
2017-04-13 09:32:57,118.31,118.46
2017-04-13 09:32:58,118.31,118.47
2017-04-13 09:32:59,118.31,118.47
2017-04-13 09:33:00,118.31,118.47
2017-04-13 09:33:01,118.31,118.47
2017-04-13 09:33:02,118.31,118.47
2017-04-13 09:33:03,118.31,118.47
2017-04-13 09:33:04,118.31,118.46
2017-04-13 09:33:05,118.31,118.46
2017-04-13 09:33:06,118.31,118.46
2017-04-13 09:33:07,118.31,118.46
2017-04-13 09:33:08,118.31,118.46
2017-04-13 09:33:09,118.31,118.46
2017-04-13 09:33:10,118.31,118.45
2017-04-13 09:33:11,118.31,118.45
2017-04-13 09:33:12,118.31,118.45
2017-04-13 09:33:13,118.31,118.45
2017-04-13 09:33:14,118.31,118.45
2017-04-13 09:33:15,118.31,118.45
2017-04-13 09:33:16,118.31,118.45
2017-04-13 09:33:17,118.31,118.45
2017-04-13 09:33:18,118.31,118.46
2017-04-13 09:33:19,118.31,118.46
2017-04-13 09:33:20,118.31,118.47
2017-04-13 09:33:21,118.31,118.47
2017-04-13 09:33:22,118.31,118.47
2017-04-13 09:33:23,118.32,118.46
2017-04-13 09:33:24,118.32,118.46
2017-04-13 09:33:25,118.32,118.46
2017-04-13 09:33:26,118.32,118.45
2017-04-13 09:33:27,118.32,118.45
2017-04-13 09:33:28,118.32,118.45
2017-04-13 09:33:29,118.25,118.45
2017-04-13 09:33:30,118.25,118.45
2017-04-13 09:33:31,118.25,118.45
2017-04-13 09:33:32,118.25,118.45
2017-04-13 09:33:33,118.25,118.45
2017-04-13 09:33:34,118.25,118.45
2017-04-13 09:33:35,118.25,118.45
2017-04-13 09:33:36,118.25,118.44
2017-04-13 09:33:37,118.25,118.44
2017-04-13 09:33:38,118.25,118.43
2017-04-13 09:33:39,118.25,118.42
2017-04-13 09:33:40,118.27,118.42
2017-04-13 09:33:41,118.27,118.42
2017-04-13 09:33:42,118.27,118.4
2017-04-13 09:33:43,118.27,118.4
2017-04-13 09:33:44,118.27,118.4
2017-04-13 09:33:45,118.27,118.4
2017-04-13 09:33:46,118.27,118.4
2017-04-13 09:33:47,118.27,118.4
2017-04-13 09:33:48,118.27,118.4
2017-04-13 09:33:49,118.27,118.4
2017-04-13 09:33:50,118.27,118.4
2017-04-13 09:33:51,118.27,118.4
2017-04-13 09:33:52,118.27,118.4
2017-04-13 09:33:53,118.27,118.4
2017-04-13 09:33:54,118.27,118.4
2017-04-13 09:33:55,118.27,118.4
2017-04-13 09:33:56,118.27,118.4
2017-04-13 09:33:57,118.27,118.4
2017-04-13 09:33:58,118.25,118.4
2017-04-13 09:33:59,118.25,118.4
2017-04-13 09:34:00,118.25,118.39
2017-04-13 09:34:01,118.25,118.39
2017-04-13 09:34:02,118.25,118.39
2017-04-13 09:34:03,118.25,118.39
2017-04-13 09:34:04,118.25,118.39
2017-04-13 09:34:05,118.25,118.39
2017-04-13 09:34:06,118.25,118.39
2017-04-13 09:34:07,118.25,118.39
2017-04-13 09:34:08,118.25,118.39
2017-04-13 09:34:09,118.25,118.39
2017-04-13 09:34:10,118.25,118.39
2017-04-13 09:34:11,118.25,118.39
2017-04-13 09:34:12,118.25,118.39
2017-04-13 09:34:13,118.26,118.43
2017-04-13 09:34:14,118.26,118.43
2017-04-13 09:34:15,118.26,118.43
2017-04-13 09:34:16,118.27,118.43
2017-04-13 09:34:17,118.27,118.43
2017-04-13 09:34:18,118.28,118.43
2017-04-13 09:34:19,118.28,118.43
2017-04-13 09:34:20,118.29,118.57
2017-04-13 09:34:21,118.3,118.44
2017-04-13 09:34:22,118.3,118.44
2017-04-13 09:34:23,118.3,118.44
2017-04-13 09:34:24,118.3,118.57
2017-04-13 09:34:25,118.3,118.45
2017-04-13 09:34:26,118.31,118.45
2017-04-13 09:34:27,118.31,118.47
2017-04-13 09:34:28,118.31,118.47
2017-04-13 09:34:29,118.32,118.47
2017-04-13 09:34:30,118.32,118.47
2017-04-13 09:34:31,118.33,118.47
2017-04-13 09:34:32,118.35,118.49
2017-04-13 09:34:33,118.35,118.49
2017-04-13 09:34:34,118.35,118.49
2017-04-13 09:34:35,118.35,118.49
2017-04-13 09:34:36,118.35,118.49
2017-04-13 09:34:37,118.35,118.5
2017-04-13 09:34:38,118.35,118.49
2017-04-13 09:34:39,118.35,118.49
2017-04-13 09:34:40,118.35,118.49
2017-04-13 09:34:41,118.36,118.53
2017-04-13 09:34:42,118.36,118.53
2017-04-13 09:34:43,118.36,118.5
2017-04-13 09:34:44,118.36,118.5
2017-04-13 09:34:45,118.36,118.5
2017-04-13 09:34:46,118.37,118.55
2017-04-13 09:34:47,118.37,118.55
2017-04-13 09:34:48,118.37,118.55
2017-04-13 09:34:49,118.37,118.55
2017-04-13 09:34:50,118.38,118.55
2017-04-13 09:34:51,118.4,118.6
2017-04-13 09:34:52,118.4,118.6
2017-04-13 09:34:53,118.4,118.6
2017-04-13 09:34:54,118.4,118.6
2017-04-13 09:34:55,118.4,118.6
2017-04-13 09:34:56,118.41,118.59
2017-04-13 09:34:57,118.42,118.75
2017-04-13 09:34:58,118.42,118.75
2017-04-13 09:34:59,118.42,118.75
2017-04-13 09:35:00,118.42,118.75
2017-04-13 09:35:01,118.42,118.74
2017-04-13 09:35:02,118.42,118.74
2017-04-13 09:35:03,118.42,118.59
2017-04-13 09:35:04,118.42,118.59
2017-04-13 09:35:05,118.42,118.59
2017-04-13 09:35:06,118.42,118.59
2017-04-13 09:35:07,118.42,118.58
2017-04-13 09:35:08,118.42,118.58
2017-04-13 09:35:09,118.42,118.58
2017-04-13 09:35:10,118.42,118.56
2017-04-13 09:35:11,118.42,118.54
2017-04-13 09:35:12,118.42,118.53
2017-04-13 09:35:13,118.42,118.54
2017-04-13 09:35:14,118.42,118.54
2017-04-13 09:35:15,118.42,118.54
2017-04-13 09:35:16,118.42,118.54
2017-04-13 09:35:17,118.42,118.54
2017-04-13 09:35:18,118.42,118.54
2017-04-13 09:35:19,118.42,118.54
2017-04-13 09:35:20,118.42,118.54
2017-04-13 09:35:21,118.42,118.54
2017-04-13 09:35:22,118.42,118.54
2017-04-13 09:35:23,118.42,118.54
2017-04-13 09:35:24,118.42,118.54
2017-04-13 09:35:25,118.42,118.54
2017-04-13 09:35:26,118.42,118.54
2017-04-13 09:35:27,118.42,118.54
2017-04-13 09:35:28,118.42,118.54
2017-04-13 09:35:29,118.42,118.54
2017-04-13 09:35:30,118.42,118.54
2017-04-13 09:35:31,118.42,118.54
2017-04-13 09:35:32,118.42,118.54
2017-04-13 09:35:33,118.42,118.54
2017-04-13 09:35:34,118.42,118.54
2017-04-13 09:35:35,118.42,118.54
2017-04-13 09:35:36,118.42,118.54
2017-04-13 09:35:37,118.42,118.54
2017-04-13 09:35:38,118.42,118.54
2017-04-13 09:35:39,118.42,118.54
2017-04-13 09:35:40,118.42,118.54
2017-04-13 09:35:41,118.42,118.54
2017-04-13 09:35:42,118.42,118.54
2017-04-13 09:35:43,118.42,118.54
2017-04-13 09:35:44,118.42,118.54
2017-04-13 09:35:45,118.42,118.54
2017-04-13 09:35:46,118.42,118.54
2017-04-13 09:35:47,118.42,118.54
2017-04-13 09:35:48,118.42,118.54
2017-04-13 09:35:49,118.42,118.54
2017-04-13 09:35:50,118.42,118.54
2017-04-13 09:35:51,118.42,118.54
2017-04-13 09:35:52,118.42,118.54
2017-04-13 09:35:53,118.42,118.54
2017-04-13 09:35:54,118.42,118.54
2017-04-13 09:35:55,118.42,118.54
2017-04-13 09:35:56,118.42,118.54
2017-04-13 09:35:57,118.42,118.54
2017-04-13 09:35:58,118.43,118.54
2017-04-13 09:35:59,118.43,118.54
2017-04-13 09:36:00,118.43,118.54
2017-04-13 09:36:01,118.43,118.54
2017-04-13 09:36:02,118.43,118.54
2017-04-13 09:36:03,118.44,118.54
2017-04-13 09:36:04,118.44,118.54
2017-04-13 09:36:05,118.44,118.54
2017-04-13 09:36:06,118.44,118.59
2017-04-13 09:36:07,118.44,118.59
2017-04-13 09:36:08,118.44,118.59
2017-04-13 09:36:09,118.44,118.58
2017-04-13 09:36:10,118.44,118.58
2017-04-13 09:36:11,118.44,118.58
2017-04-13 09:36:12,118.44,118.58
2017-04-13 09:36:13,118.44,118.57
2017-04-13 09:36:14,118.44,118.57
2017-04-13 09:36:15,118.44,118.57
2017-04-13 09:36:16,118.44,118.57
2017-04-13 09:36:17,118.44,118.57
2017-04-13 09:36:18,118.44,118.57
2017-04-13 09:36:19,118.44,118.56
2017-04-13 09:36:20,118.44,118.56
2017-04-13 09:36:21,118.44,118.56
2017-04-13 09:36:22,118.44,118.56
2017-04-13 09:36:23,118.44,118.56
2017-04-13 09:36:24,118.44,118.56
2017-04-13 09:36:25,118.44,118.56
2017-04-13 09:36:26,118.44,118.56
2017-04-13 09:36:27,118.45,118.56
2017-04-13 09:36:28,118.45,118.56
2017-04-13 09:36:29,118.45,118.56
2017-04-13 09:36:30,118.47,118.56
2017-04-13 09:36:31,118.47,118.63
2017-04-13 09:36:32,118.47,118.63
2017-04-13 09:36:33,118.5,118.74
2017-04-13 09:36:34,118.5,118.74
2017-04-13 09:36:35,118.5,118.64
2017-04-13 09:36:36,118.5,118.64
2017-04-13 09:36:37,118.5,118.64
2017-04-13 09:36:38,118.5,118.64
2017-04-13 09:36:39,118.5,118.64
2017-04-13 09:36:40,118.5,118.64
2017-04-13 09:36:41,118.51,118.64
2017-04-13 09:36:42,118.51,118.64
2017-04-13 09:36:43,118.51,118.64
2017-04-13 09:36:44,118.51,118.64
2017-04-13 09:36:45,118.51,118.64
2017-04-13 09:36:46,118.51,118.64
2017-04-13 09:36:47,118.51,118.64
2017-04-13 09:36:48,118.51,118.64
2017-04-13 09:36:49,118.51,118.64
2017-04-13 09:36:50,118.51,118.64
2017-04-13 09:36:51,118.51,118.64
2017-04-13 09:36:52,118.51,118.64
2017-04-13 09:36:53,118.51,118.64
2017-04-13 09:36:54,118.51,118.64
2017-04-13 09:36:55,118.51,118.64
2017-04-13 09:36:56,118.51,118.64
2017-04-13 09:36:57,118.51,118.64
2017-04-13 09:36:58,118.51,118.64
2017-04-13 09:36:59,118.51,118.64
2017-04-13 09:37:00,118.51,118.64
2017-04-13 09:37:01,118.51,118.64
2017-04-13 09:37:02,118.51,118.64
2017-04-13 09:37:03,118.51,118.64
2017-04-13 09:37:04,118.51,118.64
2017-04-13 09:37:05,118.51,118.64
2017-04-13 09:37:06,118.51,118.64
2017-04-13 09:37:07,118.51,118.64
2017-04-13 09:37:08,118.51,118.64
2017-04-13 09:37:09,118.51,118.64
2017-04-13 09:37:10,118.51,118.64
2017-04-13 09:37:11,118.51,118.64
2017-04-13 09:37:12,118.51,118.64
2017-04-13 09:37:13,118.51,118.64
2017-04-13 09:37:14,118.52,118.64
2017-04-13 09:37:15,118.52,118.64
2017-04-13 09:37:16,118.53,118.64
2017-04-13 09:37:17,118.53,118.64
2017-04-13 09:37:18,118.55,118.64
2017-04-13 09:37:19,118.55,118.64
2017-04-13 09:37:20,118.55,118.74
2017-04-13 09:37:21,118.55,118.74
2017-04-13 09:37:22,118.55,118.69
2017-04-13 09:37:23,118.55,118.74
2017-04-13 09:37:24,118.55,118.74
2017-04-13 09:37:25,118.55,118.74
2017-04-13 09:37:26,118.55,118.74
2017-04-13 09:37:27,118.55,118.68
2017-04-13 09:37:28,118.55,118.74
2017-04-13 09:37:29,118.55,118.74
2017-04-13 09:37:30,118.55,118.74
2017-04-13 09:37:31,118.55,118.74
2017-04-13 09:37:32,118.55,118.74
2017-04-13 09:37:33,118.55,118.74
2017-04-13 09:37:34,118.55,118.74
2017-04-13 09:37:35,118.55,118.74
2017-04-13 09:37:36,118.55,118.67
2017-04-13 09:37:37,118.55,118.67
2017-04-13 09:37:38,118.55,118.67
2017-04-13 09:37:39,118.55,118.67
2017-04-13 09:37:40,118.55,118.67
2017-04-13 09:37:41,118.55,118.67
2017-04-13 09:37:42,118.55,118.67
2017-04-13 09:37:43,118.57,118.69
2017-04-13 09:37:44,118.57,118.69
2017-04-13 09:37:45,118.57,118.69
2017-04-13 09:37:46,118.58,118.69
2017-04-13 09:37:47,118.58,118.68
2017-04-13 09:37:48,118.58,118.68
2017-04-13 09:37:49,118.58,118.68
2017-04-13 09:37:50,118.59,118.68
2017-04-13 09:37:51,118.59,118.68
2017-04-13 09:37:52,118.59,118.7
2017-04-13 09:37:53,118.59,118.68
2017-04-13 09:37:54,118.59,118.67
2017-04-13 09:37:55,118.59,118.67
2017-04-13 09:37:56,118.59,118.68
2017-04-13 09:37:57,118.59,118.67
2017-04-13 09:37:58,118.59,118.68
2017-04-13 09:37:59,118.59,118.68
2017-04-13 09:38:00,118.59,118.68
2017-04-13 09:38:01,118.59,118.69
2017-04-13 09:38:02,118.59,118.68
2017-04-13 09:38:03,118.59,118.68
2017-04-13 09:38:04,118.59,118.66
2017-04-13 09:38:05,118.59,118.66
2017-04-13 09:38:06,118.59,118.66
2017-04-13 09:38:07,118.59,118.66
2017-04-13 09:38:08,118.57,118.64
2017-04-13 09:38:09,118.57,118.64
2017-04-13 09:38:10,118.57,118.64
2017-04-13 09:38:11,118.57,118.74
2017-04-13 09:38:12,118.57,118.64
2017-04-13 09:38:13,118.57,118.63
2017-04-13 09:38:14,118.57,118.63
2017-04-13 09:38:15,118.57,118.64
2017-04-13 09:38:16,118.57,118.65
2017-04-13 09:38:17,118.57,118.65
2017-04-13 09:38:18,118.57,118.65
2017-04-13 09:38:19,118.57,118.64
2017-04-13 09:38:20,118.57,118.66
2017-04-13 09:38:21,118.57,118.66
2017-04-13 09:38:22,118.57,118.66
2017-04-13 09:38:23,118.57,118.66
2017-04-13 09:38:24,118.57,118.66
2017-04-13 09:38:25,118.57,118.66
2017-04-13 09:38:26,118.57,118.66
2017-04-13 09:38:27,118.58,118.66
2017-04-13 09:38:28,118.58,118.66
2017-04-13 09:38:29,118.58,118.69
2017-04-13 09:38:30,118.59,118.68
2017-04-13 09:38:31,118.59,118.69
2017-04-13 09:38:32,118.59,118.71
2017-04-13 09:38:33,118.59,118.7
2017-04-13 09:38:34,118.59,118.67
2017-04-13 09:38:35,118.59,118.68
2017-04-13 09:38:36,118.59,118.68
2017-04-13 09:38:37,118.59,118.74
2017-04-13 09:38:38,118.59,118.74
2017-04-13 09:38:39,118.59,118.69
2017-04-13 09:38:40,118.59,118.7
2017-04-13 09:38:41,118.59,118.71
2017-04-13 09:38:42,118.59,118.7
2017-04-13 09:38:43,118.59,118.7
2017-04-13 09:38:44,118.59,118.69
2017-04-13 09:38:45,118.59,118.69
2017-04-13 09:38:46,118.59,118.69
2017-04-13 09:38:47,118.59,118.69
2017-04-13 09:38:48,118.59,118.7
2017-04-13 09:38:49,118.59,118.71
2017-04-13 09:38:50,118.59,118.7
2017-04-13 09:38:51,118.59,118.74
2017-04-13 09:38:52,118.59,118.7
2017-04-13 09:38:53,118.6,118.7
2017-04-13 09:38:54,118.61,118.7
2017-04-13 09:38:55,118.62,118.74
2017-04-13 09:38:56,118.63,118.76
2017-04-13 09:38:57,118.63,118.75
2017-04-13 09:38:58,118.63,118.73
2017-04-13 09:38:59,118.63,118.74
2017-04-13 09:39:00,118.63,118.74
2017-04-13 09:39:01,118.63,118.74
2017-04-13 09:39:02,118.63,118.74
2017-04-13 09:39:03,118.63,118.73
2017-04-13 09:39:04,118.63,118.72
2017-04-13 09:39:05,118.63,118.73
2017-04-13 09:39:06,118.63,118.74
2017-04-13 09:39:07,118.63,118.74
2017-04-13 09:39:08,118.63,118.73
2017-04-13 09:39:09,118.63,118.73
2017-04-13 09:39:10,118.63,118.74
2017-04-13 09:39:11,118.63,118.73
2017-04-13 09:39:12,118.63,118.74
2017-04-13 09:39:13,118.63,118.74
2017-04-13 09:39:14,118.63,118.73
2017-04-13 09:39:15,118.66,118.72
2017-04-13 09:39:16,118.66,118.72
2017-04-13 09:39:17,118.66,118.72
2017-04-13 09:39:18,118.66,118.72
2017-04-13 09:39:19,118.66,118.72
2017-04-13 09:39:20,118.66,118.71
2017-04-13 09:39:21,118.66,118.71
2017-04-13 09:39:22,118.66,118.72
2017-04-13 09:39:23,118.66,118.72
2017-04-13 09:39:24,118.66,118.72
2017-04-13 09:39:25,118.66,118.72
2017-04-13 09:39:26,118.66,118.72
2017-04-13 09:39:27,118.66,118.72
2017-04-13 09:39:28,118.66,118.72
2017-04-13 09:39:29,118.66,118.72
2017-04-13 09:39:30,118.66,118.72
2017-04-13 09:39:31,118.66,118.72
2017-04-13 09:39:32,118.66,118.73
2017-04-13 09:39:33,118.66,118.73
2017-04-13 09:39:34,118.66,118.73
2017-04-13 09:39:35,118.66,118.73
2017-04-13 09:39:36,118.66,118.73
2017-04-13 09:39:37,118.66,118.73
2017-04-13 09:39:38,118.66,118.73
2017-04-13 09:39:39,118.66,118.73
2017-04-13 09:39:40,118.66,118.72
2017-04-13 09:39:41,118.66,118.73
2017-04-13 09:39:42,118.66,118.73
2017-04-13 09:39:43,118.66,118.73
2017-04-13 09:39:44,118.66,118.73
2017-04-13 09:39:45,118.66,118.73
2017-04-13 09:39:46,118.66,118.73
2017-04-13 09:39:47,118.66,118.74
2017-04-13 09:39:48,118.66,118.74
2017-04-13 09:39:49,118.66,118.74
2017-04-13 09:39:50,118.66,118.73
2017-04-13 09:39:51,118.66,118.73
2017-04-13 09:39:52,118.66,118.73
2017-04-13 09:39:53,118.66,118.73
2017-04-13 09:39:54,118.66,118.73
2017-04-13 09:39:55,118.66,118.73
2017-04-13 09:39:56,118.66,118.73
2017-04-13 09:39:57,118.66,118.73
2017-04-13 09:39:58,118.66,118.72
2017-04-13 09:39:59,118.66,118.71
2017-04-13 09:40:00,118.66,118.72
2017-04-13 09:40:01,118.66,118.74
2017-04-13 09:40:02,118.64,118.69
2017-04-13 09:40:03,118.64,118.69
2017-04-13 09:40:04,118.64,118.69
2017-04-13 09:40:05,118.64,118.7
2017-04-13 09:40:06,118.64,118.69
2017-04-13 09:40:07,118.64,118.7
2017-04-13 09:40:08,118.64,118.7
2017-04-13 09:40:09,118.64,118.7
2017-04-13 09:40:10,118.64,118.7
2017-04-13 09:40:11,118.64,118.7
2017-04-13 09:40:12,118.64,118.7
2017-04-13 09:40:13,118.64,118.7
2017-04-13 09:40:14,118.64,118.7
2017-04-13 09:40:15,118.64,118.7
2017-04-13 09:40:16,118.64,118.7
2017-04-13 09:40:17,118.64,118.69
2017-04-13 09:40:18,118.64,118.7
2017-04-13 09:40:19,118.64,118.69
2017-04-13 09:40:20,118.64,118.69
2017-04-13 09:40:21,118.62,118.7
2017-04-13 09:40:22,118.62,118.7
2017-04-13 09:40:23,118.62,118.7
2017-04-13 09:40:24,118.62,118.7
2017-04-13 09:40:25,118.62,118.7
2017-04-13 09:40:26,118.62,118.7
2017-04-13 09:40:27,118.62,118.7
2017-04-13 09:40:28,118.62,118.7
2017-04-13 09:40:29,118.62,118.7
2017-04-13 09:40:30,118.62,118.71
2017-04-13 09:40:31,118.63,118.73
2017-04-13 09:40:32,118.63,118.72
2017-04-13 09:40:33,118.63,118.72
2017-04-13 09:40:34,118.63,118.72
2017-04-13 09:40:35,118.64,118.72
2017-04-13 09:40:36,118.64,118.72
2017-04-13 09:40:37,118.64,118.73
2017-04-13 09:40:38,118.64,118.73
2017-04-13 09:40:39,118.64,118.73
2017-04-13 09:40:40,118.64,118.73
2017-04-13 09:40:41,118.64,118.73
2017-04-13 09:40:42,118.64,118.73
2017-04-13 09:40:43,118.64,118.73
2017-04-13 09:40:44,118.64,118.72
2017-04-13 09:40:45,118.64,118.72
2017-04-13 09:40:46,118.64,118.72
2017-04-13 09:40:47,118.64,118.72
2017-04-13 09:40:48,118.64,118.72
2017-04-13 09:40:49,118.64,118.72
2017-04-13 09:40:50,118.64,118.72
2017-04-13 09:40:51,118.64,118.72
2017-04-13 09:40:52,118.64,118.72
2017-04-13 09:40:53,118.64,118.72
2017-04-13 09:40:54,118.64,118.72
2017-04-13 09:40:55,118.64,118.72
2017-04-13 09:40:56,118.64,118.72
2017-04-13 09:40:57,118.64,118.72
2017-04-13 09:40:58,118.64,118.72
2017-04-13 09:40:59,118.64,118.72
2017-04-13 09:41:00,118.64,118.72
2017-04-13 09:41:01,118.64,118.72
2017-04-13 09:41:02,118.64,118.72
2017-04-13 09:41:03,118.64,118.73
2017-04-13 09:41:04,118.64,118.73
2017-04-13 09:41:05,118.65,118.73
2017-04-13 09:41:06,118.65,118.74
2017-04-13 09:41:07,118.66,118.75
2017-04-13 09:41:08,118.68,118.77
2017-04-13 09:41:09,118.68,118.77
2017-04-13 09:41:10,118.68,118.77
2017-04-13 09:41:11,118.68,118.77
2017-04-13 09:41:12,118.68,118.77
2017-04-13 09:41:13,118.68,118.77
2017-04-13 09:41:14,118.68,118.77
2017-04-13 09:41:15,118.68,118.77
2017-04-13 09:41:16,118.69,118.8
2017-04-13 09:41:17,118.69,118.8
2017-04-13 09:41:18,118.68,118.8
2017-04-13 09:41:19,118.69,118.8
2017-04-13 09:41:20,118.7,118.81
2017-04-13 09:41:21,118.7,118.81
2017-04-13 09:41:22,118.7,118.9
2017-04-13 09:41:23,118.7,118.82
2017-04-13 09:41:24,118.7,118.9
2017-04-13 09:41:25,118.7,118.81
2017-04-13 09:41:26,118.7,118.81
2017-04-13 09:41:27,118.7,118.81
2017-04-13 09:41:28,118.71,118.82
2017-04-13 09:41:29,118.71,118.82
2017-04-13 09:41:30,118.7,118.82
2017-04-13 09:41:31,118.71,118.82
2017-04-13 09:41:32,118.7,118.82
2017-04-13 09:41:33,118.7,118.82
2017-04-13 09:41:34,118.71,118.82
2017-04-13 09:41:35,118.71,118.82
2017-04-13 09:41:36,118.72,118.9
2017-04-13 09:41:37,118.5,118.82
2017-04-13 09:41:38,118.7,118.82
2017-04-13 09:41:39,118.69,118.81
2017-04-13 09:41:40,118.69,118.8
2017-04-13 09:41:41,118.7,118.8
2017-04-13 09:41:42,118.7,118.8
2017-04-13 09:41:43,118.72,118.83
2017-04-13 09:41:44,118.72,118.83
2017-04-13 09:41:45,118.72,118.82
2017-04-13 09:41:46,118.72,118.82
2017-04-13 09:41:47,118.72,118.82
2017-04-13 09:41:48,118.72,118.82
2017-04-13 09:41:49,118.72,118.82
2017-04-13 09:41:50,118.72,118.82
2017-04-13 09:41:51,118.72,118.82
2017-04-13 09:41:52,118.72,118.82
2017-04-13 09:41:53,118.72,118.82
2017-04-13 09:41:54,118.72,118.82
2017-04-13 09:41:55,118.72,118.83
2017-04-13 09:41:56,118.72,118.82
2017-04-13 09:41:57,118.72,118.84
2017-04-13 09:41:58,118.72,118.81
2017-04-13 09:41:59,118.72,118.8
2017-04-13 09:42:00,118.72,118.8
2017-04-13 09:42:01,118.72,118.81
2017-04-13 09:42:02,118.72,118.81
2017-04-13 09:42:03,118.72,118.81
2017-04-13 09:42:04,118.72,118.8
2017-04-13 09:42:05,118.72,118.8
2017-04-13 09:42:06,118.72,118.8
2017-04-13 09:42:07,118.72,118.8
2017-04-13 09:42:08,118.72,118.8
2017-04-13 09:42:09,118.72,118.81
2017-04-13 09:42:10,118.72,118.81
2017-04-13 09:42:11,118.72,118.81
2017-04-13 09:42:12,118.72,118.81
2017-04-13 09:42:13,118.73,118.81
2017-04-13 09:42:14,118.74,118.82
2017-04-13 09:42:15,118.74,118.82
2017-04-13 09:42:16,118.74,118.82
2017-04-13 09:42:17,118.74,118.82
2017-04-13 09:42:18,118.74,118.82
2017-04-13 09:42:19,118.74,118.82
2017-04-13 09:42:20,118.74,118.83
2017-04-13 09:42:21,118.74,118.83
2017-04-13 09:42:22,118.74,118.83
2017-04-13 09:42:23,118.74,118.83
2017-04-13 09:42:24,118.74,118.83
2017-04-13 09:42:25,118.74,118.83
2017-04-13 09:42:26,118.75,118.83
2017-04-13 09:42:27,118.75,118.83
2017-04-13 09:42:28,118.76,118.86
2017-04-13 09:42:29,118.76,118.85
2017-04-13 09:42:30,118.76,118.86
2017-04-13 09:42:31,118.76,118.86
2017-04-13 09:42:32,118.76,118.85
2017-04-13 09:42:33,118.76,118.86
2017-04-13 09:42:34,118.76,118.86
2017-04-13 09:42:35,118.76,118.85
2017-04-13 09:42:36,118.76,118.85
2017-04-13 09:42:37,118.76,118.85
2017-04-13 09:42:38,118.76,118.85
2017-04-13 09:42:39,118.76,118.85
2017-04-13 09:42:40,118.76,118.84
2017-04-13 09:42:41,118.75,118.84
2017-04-13 09:42:42,118.75,118.84
2017-04-13 09:42:43,118.75,118.85
2017-04-13 09:42:44,118.75,118.85
2017-04-13 09:42:45,118.75,118.85
2017-04-13 09:42:46,118.75,118.83
2017-04-13 09:42:47,118.75,118.83
2017-04-13 09:42:48,118.71,118.8
2017-04-13 09:42:49,118.71,118.8
2017-04-13 09:42:50,118.71,118.8
2017-04-13 09:42:51,118.7,118.78
2017-04-13 09:42:52,118.69,118.78
2017-04-13 09:42:53,118.69,118.78
2017-04-13 09:42:54,118.69,118.78
2017-04-13 09:42:55,118.7,118.78
2017-04-13 09:42:56,118.69,118.78
2017-04-13 09:42:57,118.69,118.78
2017-04-13 09:42:58,118.69,118.78
2017-04-13 09:42:59,118.69,118.78
2017-04-13 09:43:00,118.71,118.78
2017-04-13 09:43:01,118.71,118.78
2017-04-13 09:43:02,118.71,118.78
2017-04-13 09:43:03,118.71,118.81
2017-04-13 09:43:04,118.71,118.81
2017-04-13 09:43:05,118.72,118.8
2017-04-13 09:43:06,118.71,118.8
2017-04-13 09:43:07,118.72,118.8
2017-04-13 09:43:08,118.73,118.81
2017-04-13 09:43:09,118.73,118.81
2017-04-13 09:43:10,118.73,118.81
2017-04-13 09:43:11,118.72,118.81
2017-04-13 09:43:12,118.7,118.8
2017-04-13 09:43:13,118.7,118.79
2017-04-13 09:43:14,118.7,118.79
2017-04-13 09:43:15,118.71,118.79
2017-04-13 09:43:16,118.71,118.79
2017-04-13 09:43:17,118.71,118.79
2017-04-13 09:43:18,118.7,118.79
2017-04-13 09:43:19,118.7,118.79
2017-04-13 09:43:20,118.7,118.79
2017-04-13 09:43:21,118.7,118.79
2017-04-13 09:43:22,118.7,118.79
2017-04-13 09:43:23,118.68,118.79
2017-04-13 09:43:24,118.69,118.79
2017-04-13 09:43:25,118.69,118.79
2017-04-13 09:43:26,118.69,118.79
2017-04-13 09:43:27,118.69,118.78
2017-04-13 09:43:28,118.69,118.78
2017-04-13 09:43:29,118.69,118.78
2017-04-13 09:43:30,118.69,118.78
2017-04-13 09:43:31,118.69,118.77
2017-04-13 09:43:32,118.69,118.78
2017-04-13 09:43:33,118.69,118.78
2017-04-13 09:43:34,118.69,118.78
2017-04-13 09:43:35,118.69,118.78
2017-04-13 09:43:36,118.69,118.78
2017-04-13 09:43:37,118.69,118.78
2017-04-13 09:43:38,118.69,118.78
2017-04-13 09:43:39,118.69,118.77
2017-04-13 09:43:40,118.69,118.77
2017-04-13 09:43:41,118.69,118.77
2017-04-13 09:43:42,118.69,118.77
2017-04-13 09:43:43,118.69,118.77
2017-04-13 09:43:44,118.69,118.77
2017-04-13 09:43:45,118.68,118.77
2017-04-13 09:43:46,118.68,118.77
2017-04-13 09:43:47,118.68,118.77
2017-04-13 09:43:48,118.68,118.77
2017-04-13 09:43:49,118.68,118.77
2017-04-13 09:43:50,118.68,118.77
2017-04-13 09:43:51,118.68,118.77
2017-04-13 09:43:52,118.68,118.77
2017-04-13 09:43:53,118.68,118.77
2017-04-13 09:43:54,118.68,118.76
2017-04-13 09:43:55,118.68,118.77
2017-04-13 09:43:56,118.68,118.77
2017-04-13 09:43:57,118.68,118.77
2017-04-13 09:43:58,118.68,118.77
2017-04-13 09:43:59,118.68,118.77
2017-04-13 09:44:00,118.68,118.77
2017-04-13 09:44:01,118.68,118.77
2017-04-13 09:44:02,118.68,118.77
2017-04-13 09:44:03,118.68,118.77
2017-04-13 09:44:04,118.68,118.77
2017-04-13 09:44:05,118.68,118.77
2017-04-13 09:44:06,118.69,118.78
2017-04-13 09:44:07,118.69,118.78
2017-04-13 09:44:08,118.68,118.78
2017-04-13 09:44:09,118.68,118.78
2017-04-13 09:44:10,118.68,118.78
2017-04-13 09:44:11,118.68,118.78
2017-04-13 09:44:12,118.69,118.78
2017-04-13 09:44:13,118.68,118.78
2017-04-13 09:44:14,118.69,118.78
2017-04-13 09:44:15,118.7,118.79
2017-04-13 09:44:16,118.7,118.79
2017-04-13 09:44:17,118.7,118.79
2017-04-13 09:44:18,118.7,118.79
2017-04-13 09:44:19,118.7,118.79
2017-04-13 09:44:20,118.7,118.79
2017-04-13 09:44:21,118.71,118.8
2017-04-13 09:44:22,118.71,118.8
2017-04-13 09:44:23,118.72,118.8
2017-04-13 09:44:24,118.72,118.8
2017-04-13 09:44:25,118.72,118.8
2017-04-13 09:44:26,118.72,118.81
2017-04-13 09:44:27,118.74,118.83
2017-04-13 09:44:28,118.74,118.83
2017-04-13 09:44:29,118.74,118.83
2017-04-13 09:44:30,118.74,118.83
2017-04-13 09:44:31,118.74,118.83
2017-04-13 09:44:32,118.74,118.83
2017-04-13 09:44:33,118.74,118.83
2017-04-13 09:44:34,118.74,118.83
2017-04-13 09:44:35,118.74,118.82
2017-04-13 09:44:36,118.74,118.83
2017-04-13 09:44:37,118.74,118.83
2017-04-13 09:44:38,118.74,118.83
2017-04-13 09:44:39,118.74,118.82
2017-04-13 09:44:40,118.74,118.82
2017-04-13 09:44:41,118.74,118.83
2017-04-13 09:44:42,118.74,118.82
2017-04-13 09:44:43,118.74,118.82
2017-04-13 09:44:44,118.74,118.83
2017-04-13 09:44:45,118.74,118.83
2017-04-13 09:44:46,118.74,118.83
2017-04-13 09:44:47,118.74,118.83
2017-04-13 09:44:48,118.74,118.83
2017-04-13 09:44:49,118.74,118.84
2017-04-13 09:44:50,118.74,118.84
2017-04-13 09:44:51,118.74,118.84
2017-04-13 09:44:52,118.74,118.84
2017-04-13 09:44:53,118.74,118.84
2017-04-13 09:44:54,118.74,118.84
2017-04-13 09:44:55,118.75,118.85
2017-04-13 09:44:56,118.75,118.85
2017-04-13 09:44:57,118.75,118.85
2017-04-13 09:44:58,118.75,118.84
2017-04-13 09:44:59,118.75,118.85
2017-04-13 09:45:00,118.75,118.85
2017-04-13 09:45:01,118.75,118.83
2017-04-13 09:45:02,118.75,118.84
2017-04-13 09:45:03,118.75,118.85
2017-04-13 09:45:04,118.75,118.85
2017-04-13 09:45:05,118.75,118.83
2017-04-13 09:45:06,118.75,118.84
2017-04-13 09:45:07,118.72,118.82
2017-04-13 09:45:08,118.72,118.82
2017-04-13 09:45:09,118.72,118.81
2017-04-13 09:45:10,118.72,118.81
2017-04-13 09:45:11,118.72,118.81
2017-04-13 09:45:12,118.73,118.81
2017-04-13 09:45:13,118.73,118.82
2017-04-13 09:45:14,118.73,118.81
2017-04-13 09:45:15,118.72,118.8
2017-04-13 09:45:16,118.7,118.8
2017-04-13 09:45:17,118.7,118.79
2017-04-13 09:45:18,118.68,118.78
2017-04-13 09:45:19,118.69,118.79
2017-04-13 09:45:20,118.69,118.79
2017-04-13 09:45:21,118.69,118.79
2017-04-13 09:45:22,118.69,118.79
2017-04-13 09:45:23,118.69,118.79
2017-04-13 09:45:24,118.69,118.79
2017-04-13 09:45:25,118.7,118.8
2017-04-13 09:45:26,118.7,118.81
2017-04-13 09:45:27,118.71,118.81
2017-04-13 09:45:28,118.72,118.8
2017-04-13 09:45:29,118.72,118.81
2017-04-13 09:45:30,118.73,118.81
2017-04-13 09:45:31,118.73,118.82
2017-04-13 09:45:32,118.73,118.82
2017-04-13 09:45:33,118.73,118.82
2017-04-13 09:45:34,118.74,118.82
2017-04-13 09:45:35,118.74,118.84
2017-04-13 09:45:36,118.75,118.85
2017-04-13 09:45:37,118.75,118.85
2017-04-13 09:45:38,118.75,118.85
2017-04-13 09:45:39,118.75,118.86
2017-04-13 09:45:40,118.75,118.86
2017-04-13 09:45:41,118.75,118.85
2017-04-13 09:45:42,118.75,118.86
2017-04-13 09:45:43,118.75,118.86
2017-04-13 09:45:44,118.75,118.86
2017-04-13 09:45:45,118.75,118.86
2017-04-13 09:45:46,118.76,118.86
2017-04-13 09:45:47,118.75,118.86
2017-04-13 09:45:48,118.75,118.84
2017-04-13 09:45:49,118.74,118.84
2017-04-13 09:45:50,118.75,118.84
2017-04-13 09:45:51,118.74,118.84
2017-04-13 09:45:52,118.74,118.84
2017-04-13 09:45:53,118.74,118.8
2017-04-13 09:45:54,118.74,118.8
2017-04-13 09:45:55,118.74,118.8
2017-04-13 09:45:56,118.74,118.8
2017-04-13 09:45:57,118.74,118.8
2017-04-13 09:45:58,118.74,118.8
2017-04-13 09:45:59,118.74,118.8
2017-04-13 09:46:00,118.74,118.8
2017-04-13 09:46:01,118.74,118.8
2017-04-13 09:46:02,118.74,118.81
2017-04-13 09:46:03,118.74,118.82
2017-04-13 09:46:04,118.74,118.82
2017-04-13 09:46:05,118.75,118.82
2017-04-13 09:46:06,118.75,118.82
2017-04-13 09:46:07,118.75,118.82
2017-04-13 09:46:08,118.75,118.82
2017-04-13 09:46:09,118.75,118.82
2017-04-13 09:46:10,118.75,118.86
2017-04-13 09:46:11,118.75,118.85
2017-04-13 09:46:12,118.75,118.85
2017-04-13 09:46:13,118.75,118.84
2017-04-13 09:46:14,118.75,118.84
2017-04-13 09:46:15,118.75,118.84
2017-04-13 09:46:16,118.75,118.84
2017-04-13 09:46:17,118.75,118.84
2017-04-13 09:46:18,118.75,118.86
2017-04-13 09:46:19,118.75,118.86
2017-04-13 09:46:20,118.75,118.86
2017-04-13 09:46:21,118.76,118.83
2017-04-13 09:46:22,118.76,118.86
2017-04-13 09:46:23,118.77,118.87
2017-04-13 09:46:24,118.77,118.87
2017-04-13 09:46:25,118.77,118.87
2017-04-13 09:46:26,118.77,118.87
2017-04-13 09:46:27,118.77,118.87
2017-04-13 09:46:28,118.77,118.87
2017-04-13 09:46:29,118.77,118.86
2017-04-13 09:46:30,118.77,118.87
2017-04-13 09:46:31,118.77,118.87
2017-04-13 09:46:32,118.77,118.87
2017-04-13 09:46:33,118.78,118.87
2017-04-13 09:46:34,118.77,118.86
2017-04-13 09:46:35,118.77,118.87
2017-04-13 09:46:36,118.77,118.87
2017-04-13 09:46:37,118.77,118.87
2017-04-13 09:46:38,118.77,118.87
2017-04-13 09:46:39,118.77,118.87
2017-04-13 09:46:40,118.77,118.87
2017-04-13 09:46:41,118.77,118.87
2017-04-13 09:46:42,118.77,118.87
2017-04-13 09:46:43,118.76,118.83
2017-04-13 09:46:44,118.76,118.83
2017-04-13 09:46:45,118.76,118.83
2017-04-13 09:46:46,118.76,118.83
2017-04-13 09:46:47,118.76,118.86
2017-04-13 09:46:48,118.77,118.86
2017-04-13 09:46:49,118.77,118.86
2017-04-13 09:46:50,118.77,118.86
2017-04-13 09:46:51,118.76,118.86
2017-04-13 09:46:52,118.77,118.86
2017-04-13 09:46:53,118.76,118.86
2017-04-13 09:46:54,118.76,118.86
2017-04-13 09:46:55,118.75,118.86
2017-04-13 09:46:56,118.76,118.85
2017-04-13 09:46:57,118.76,118.85
2017-04-13 09:46:58,118.76,118.85
2017-04-13 09:46:59,118.76,118.85
2017-04-13 09:47:00,118.75,118.85
2017-04-13 09:47:01,118.75,118.84
2017-04-13 09:47:02,118.73,118.81
2017-04-13 09:47:03,118.72,118.8
2017-04-13 09:47:04,118.72,118.81
2017-04-13 09:47:05,118.72,118.8
2017-04-13 09:47:06,118.72,118.8
2017-04-13 09:47:07,118.72,118.79
2017-04-13 09:47:08,118.73,118.81
2017-04-13 09:47:09,118.73,118.81
2017-04-13 09:47:10,118.73,118.81
2017-04-13 09:47:11,118.75,118.84
2017-04-13 09:47:12,118.75,118.84
2017-04-13 09:47:13,118.75,118.85
2017-04-13 09:47:14,118.75,118.85
2017-04-13 09:47:15,118.75,118.85
2017-04-13 09:47:16,118.75,118.82
2017-04-13 09:47:17,118.72,118.81
2017-04-13 09:47:18,118.72,118.81
2017-04-13 09:47:19,118.72,118.81
2017-04-13 09:47:20,118.72,118.81
2017-04-13 09:47:21,118.72,118.81
2017-04-13 09:47:22,118.72,118.81
2017-04-13 09:47:23,118.73,118.81
2017-04-13 09:47:24,118.72,118.81
2017-04-13 09:47:25,118.72,118.8
2017-04-13 09:47:26,118.72,118.83
2017-04-13 09:47:27,118.72,118.8
2017-04-13 09:47:28,118.71,118.8
2017-04-13 09:47:29,118.71,118.8
2017-04-13 09:47:30,118.71,118.8
2017-04-13 09:47:31,118.71,118.8
2017-04-13 09:47:32,118.71,118.8
2017-04-13 09:47:33,118.72,118.8
2017-04-13 09:47:34,118.72,118.8
2017-04-13 09:47:35,118.71,118.8
2017-04-13 09:47:36,118.71,118.8
2017-04-13 09:47:37,118.71,118.79
2017-04-13 09:47:38,118.72,118.82
2017-04-13 09:47:39,118.74,118.82
2017-04-13 09:47:40,118.74,118.82
2017-04-13 09:47:41,118.74,118.82
2017-04-13 09:47:42,118.74,118.82
2017-04-13 09:47:43,118.74,118.82
2017-04-13 09:47:44,118.74,118.82
2017-04-13 09:47:45,118.74,118.82
2017-04-13 09:47:46,118.75,118.85
2017-04-13 09:47:47,118.75,118.85
2017-04-13 09:47:48,118.75,118.82
2017-04-13 09:47:49,118.75,118.82
2017-04-13 09:47:50,118.76,118.82
2017-04-13 09:47:51,118.75,118.82
2017-04-13 09:47:52,118.75,118.82
2017-04-13 09:47:53,118.75,118.82
2017-04-13 09:47:54,118.75,118.82
2017-04-13 09:47:55,118.75,118.82
2017-04-13 09:47:56,118.75,118.82
2017-04-13 09:47:57,118.75,118.82
2017-04-13 09:47:58,118.75,118.82
2017-04-13 09:47:59,118.75,118.82
2017-04-13 09:48:00,118.75,118.82
2017-04-13 09:48:01,118.75,118.82
2017-04-13 09:48:02,118.74,118.82
2017-04-13 09:48:03,118.74,118.82
2017-04-13 09:48:04,118.74,118.82
2017-04-13 09:48:05,118.74,118.82
2017-04-13 09:48:06,118.74,118.82
2017-04-13 09:48:07,118.75,118.82
2017-04-13 09:48:08,118.76,118.82
2017-04-13 09:48:09,118.76,118.85
2017-04-13 09:48:10,118.78,118.87
2017-04-13 09:48:11,118.78,118.87
2017-04-13 09:48:12,118.78,118.87
2017-04-13 09:48:13,118.79,118.89
2017-04-13 09:48:14,118.8,118.87
2017-04-13 09:48:15,118.8,118.87
2017-04-13 09:48:16,118.8,118.87
2017-04-13 09:48:17,118.8,118.87
2017-04-13 09:48:18,118.8,118.87
2017-04-13 09:48:19,118.8,118.87
2017-04-13 09:48:20,118.8,118.87
2017-04-13 09:48:21,118.8,118.87
2017-04-13 09:48:22,118.8,118.87
2017-04-13 09:48:23,118.8,118.87
2017-04-13 09:48:24,118.8,118.87
2017-04-13 09:48:25,118.8,118.88
2017-04-13 09:48:26,118.81,118.88
2017-04-13 09:48:27,118.81,118.88
2017-04-13 09:48:28,118.81,118.91
2017-04-13 09:48:29,118.81,118.88
2017-04-13 09:48:30,118.81,118.88
2017-04-13 09:48:31,118.8,118.88
2017-04-13 09:48:32,118.81,118.88
2017-04-13 09:48:33,118.81,118.89
2017-04-13 09:48:34,118.81,118.88
2017-04-13 09:48:35,118.81,118.88
2017-04-13 09:48:36,118.81,118.88
2017-04-13 09:48:37,118.81,118.89
2017-04-13 09:48:38,118.81,118.89
2017-04-13 09:48:39,118.81,118.89
2017-04-13 09:48:40,118.81,118.89
2017-04-13 09:48:41,118.81,118.89
2017-04-13 09:48:42,118.81,118.89
2017-04-13 09:48:43,118.81,118.89
2017-04-13 09:48:44,118.81,118.89
2017-04-13 09:48:45,118.82,118.91
2017-04-13 09:48:46,118.82,118.92
2017-04-13 09:48:47,118.83,118.93
2017-04-13 09:48:48,118.83,118.94
2017-04-13 09:48:49,118.84,118.92
2017-04-13 09:48:50,118.84,118.92
2017-04-13 09:48:51,118.84,118.92
2017-04-13 09:48:52,118.84,118.91
2017-04-13 09:48:53,118.84,118.91
2017-04-13 09:48:54,118.84,118.91
2017-04-13 09:48:55,118.84,118.91
2017-04-13 09:48:56,118.84,118.91
2017-04-13 09:48:57,118.84,118.91
2017-04-13 09:48:58,118.84,118.93
2017-04-13 09:48:59,118.84,118.91
2017-04-13 09:49:00,118.84,118.91
2017-04-13 09:49:01,118.84,118.91
2017-04-13 09:49:02,118.84,118.91
2017-04-13 09:49:03,118.84,118.93
2017-04-13 09:49:04,118.84,118.93
2017-04-13 09:49:05,118.84,118.91
2017-04-13 09:49:06,118.84,118.93
2017-04-13 09:49:07,118.84,118.93
2017-04-13 09:49:08,118.84,118.91
2017-04-13 09:49:09,118.81,118.9
2017-04-13 09:49:10,118.82,118.9
2017-04-13 09:49:11,118.82,118.9
2017-04-13 09:49:12,118.82,118.9
2017-04-13 09:49:13,118.82,118.9
2017-04-13 09:49:14,118.82,118.9
2017-04-13 09:49:15,118.82,118.9
2017-04-13 09:49:16,118.82,118.9
2017-04-13 09:49:17,118.82,118.89
2017-04-13 09:49:18,118.82,118.9
2017-04-13 09:49:19,118.82,118.91
2017-04-13 09:49:20,118.82,118.91
2017-04-13 09:49:21,118.82,118.9
2017-04-13 09:49:22,118.82,118.91
2017-04-13 09:49:23,118.82,118.91
2017-04-13 09:49:24,118.83,118.91
2017-04-13 09:49:25,118.83,118.91
2017-04-13 09:49:26,118.84,118.91
2017-04-13 09:49:27,118.84,118.91
2017-04-13 09:49:28,118.84,118.91
2017-04-13 09:49:29,118.84,118.91
2017-04-13 09:49:30,118.84,118.91
2017-04-13 09:49:31,118.84,118.91
2017-04-13 09:49:32,118.84,118.91
2017-04-13 09:49:33,118.84,118.91
2017-04-13 09:49:34,118.84,118.91
2017-04-13 09:49:35,118.84,118.91
2017-04-13 09:49:36,118.84,118.91
2017-04-13 09:49:37,118.84,118.91
2017-04-13 09:49:38,118.84,118.91
2017-04-13 09:49:39,118.84,118.91
2017-04-13 09:49:40,118.84,118.91
2017-04-13 09:49:41,118.84,118.91
2017-04-13 09:49:42,118.84,118.91
2017-04-13 09:49:43,118.84,118.91
2017-04-13 09:49:44,118.84,118.91
2017-04-13 09:49:45,118.84,118.91
2017-04-13 09:49:46,118.84,118.91
2017-04-13 09:49:47,118.84,118.91
2017-04-13 09:49:48,118.84,118.93
2017-04-13 09:49:49,118.84,118.94
2017-04-13 09:49:50,118.85,118.94
2017-04-13 09:49:51,118.85,118.97
2017-04-13 09:49:52,118.85,118.95
2017-04-13 09:49:53,118.85,118.95
2017-04-13 09:49:54,118.85,118.96
2017-04-13 09:49:55,118.86,118.96
2017-04-13 09:49:56,118.86,118.96
2017-04-13 09:49:57,118.86,118.96
2017-04-13 09:49:58,118.86,118.96
2017-04-13 09:49:59,118.86,118.96
2017-04-13 09:50:00,118.86,118.97
2017-04-13 09:50:01,118.86,118.96
2017-04-13 09:50:02,118.86,118.96
2017-04-13 09:50:03,118.87,118.96
2017-04-13 09:50:04,118.87,118.96
2017-04-13 09:50:05,118.87,118.96
2017-04-13 09:50:06,118.86,118.96
2017-04-13 09:50:07,118.86,118.93
2017-04-13 09:50:08,118.86,118.92
2017-04-13 09:50:09,118.86,118.93
2017-04-13 09:50:10,118.86,118.95
2017-04-13 09:50:11,118.86,118.96
2017-04-13 09:50:12,118.86,118.95
2017-04-13 09:50:13,118.86,118.95
2017-04-13 09:50:14,118.86,118.95
2017-04-13 09:50:15,118.86,118.95
2017-04-13 09:50:16,118.86,118.95
2017-04-13 09:50:17,118.86,118.95
2017-04-13 09:50:18,118.86,118.95
2017-04-13 09:50:19,118.86,118.95
2017-04-13 09:50:20,118.86,118.95
2017-04-13 09:50:21,118.86,118.93
2017-04-13 09:50:22,118.86,118.93
2017-04-13 09:50:23,118.86,118.93
2017-04-13 09:50:24,118.86,118.93
2017-04-13 09:50:25,118.86,118.93
2017-04-13 09:50:26,118.86,118.93
2017-04-13 09:50:27,118.86,118.95
2017-04-13 09:50:28,118.86,118.95
2017-04-13 09:50:29,118.86,118.96
2017-04-13 09:50:30,118.87,118.96
2017-04-13 09:50:31,118.87,118.96
2017-04-13 09:50:32,118.87,118.96
2017-04-13 09:50:33,118.87,118.97
2017-04-13 09:50:34,118.87,118.97
2017-04-13 09:50:35,118.88,118.97
2017-04-13 09:50:36,118.88,118.97
2017-04-13 09:50:37,118.88,118.97
2017-04-13 09:50:38,118.88,118.97
2017-04-13 09:50:39,118.88,118.97
2017-04-13 09:50:40,118.88,118.97
2017-04-13 09:50:41,118.88,118.97
2017-04-13 09:50:42,118.88,118.97
2017-04-13 09:50:43,118.88,118.97
2017-04-13 09:50:44,118.88,118.97
2017-04-13 09:50:45,118.88,118.97
2017-04-13 09:50:46,118.88,118.98
2017-04-13 09:50:47,118.88,118.98
2017-04-13 09:50:48,118.88,118.98
2017-04-13 09:50:49,118.88,118.98
2017-04-13 09:50:50,118.89,118.98
2017-04-13 09:50:51,118.89,118.98
2017-04-13 09:50:52,118.89,118.98
2017-04-13 09:50:53,118.89,118.98
2017-04-13 09:50:54,118.9,118.99
2017-04-13 09:50:55,118.9,118.99
2017-04-13 09:50:56,118.91,118.99
2017-04-13 09:50:57,118.9,118.99
2017-04-13 09:50:58,118.9,118.99
2017-04-13 09:50:59,118.91,118.99
2017-04-13 09:51:00,118.91,118.99
2017-04-13 09:51:01,118.93,119.0
2017-04-13 09:51:02,118.93,119.02
2017-04-13 09:51:03,118.93,119.03
2017-04-13 09:51:04,118.93,119.03
2017-04-13 09:51:05,118.94,119.05
2017-04-13 09:51:06,118.94,119.05
2017-04-13 09:51:07,118.94,119.05
2017-04-13 09:51:08,118.94,119.04
2017-04-13 09:51:09,118.94,119.05
2017-04-13 09:51:10,118.96,119.04
2017-04-13 09:51:11,118.96,119.04
2017-04-13 09:51:12,118.97,119.04
2017-04-13 09:51:13,118.97,119.05
2017-04-13 09:51:14,119.01,119.11
2017-04-13 09:51:15,119.03,119.12
2017-04-13 09:51:16,119.03,119.12
2017-04-13 09:51:17,119.03,119.12
2017-04-13 09:51:18,119.05,119.12
2017-04-13 09:51:19,119.05,119.12
2017-04-13 09:51:20,119.05,119.15
2017-04-13 09:51:21,119.05,119.16
2017-04-13 09:51:22,119.06,119.16
2017-04-13 09:51:23,119.06,119.16
2017-04-13 09:51:24,119.06,119.16
2017-04-13 09:51:25,119.06,119.14
2017-04-13 09:51:26,119.07,119.17
2017-04-13 09:51:27,119.07,119.17
2017-04-13 09:51:28,119.07,119.18
2017-04-13 09:51:29,119.07,119.26
2017-04-13 09:51:30,119.07,119.26
2017-04-13 09:51:31,119.08,119.26
2017-04-13 09:51:32,119.09,119.26
2017-04-13 09:51:33,119.08,119.26
2017-04-13 09:51:34,119.08,119.18
2017-04-13 09:51:35,119.08,119.17
2017-04-13 09:51:36,119.08,119.17
2017-04-13 09:51:37,119.08,119.16
2017-04-13 09:51:38,119.08,119.16
2017-04-13 09:51:39,119.08,119.16
2017-04-13 09:51:40,119.08,119.17
2017-04-13 09:51:41,119.08,119.16
2017-04-13 09:51:42,119.08,119.16
2017-04-13 09:51:43,119.08,119.26
2017-04-13 09:51:44,119.04,119.13
2017-04-13 09:51:45,119.04,119.13
2017-04-13 09:51:46,119.04,119.13
2017-04-13 09:51:47,119.04,119.13
2017-04-13 09:51:48,119.04,119.13
2017-04-13 09:51:49,119.06,119.16
2017-04-13 09:51:50,119.06,119.16
2017-04-13 09:51:51,119.06,119.16
2017-04-13 09:51:52,119.06,119.16
2017-04-13 09:51:53,119.06,119.16
2017-04-13 09:51:54,119.06,119.16
2017-04-13 09:51:55,119.06,119.16
2017-04-13 09:51:56,119.06,119.16
2017-04-13 09:51:57,119.06,119.17
2017-04-13 09:51:58,119.06,119.15
2017-04-13 09:51:59,119.06,119.15
2017-04-13 09:52:00,119.06,119.15
2017-04-13 09:52:01,119.06,119.15
2017-04-13 09:52:02,119.07,119.17
2017-04-13 09:52:03,119.08,119.17
2017-04-13 09:52:04,119.08,119.17
2017-04-13 09:52:05,119.08,119.17
2017-04-13 09:52:06,119.08,119.17
2017-04-13 09:52:07,119.08,119.17
2017-04-13 09:52:08,119.08,119.15
2017-04-13 09:52:09,119.08,119.15
2017-04-13 09:52:10,119.08,119.15
2017-04-13 09:52:11,119.08,119.16
2017-04-13 09:52:12,119.08,119.16
2017-04-13 09:52:13,119.08,119.15
2017-04-13 09:52:14,119.09,119.19
2017-04-13 09:52:15,119.1,119.19
2017-04-13 09:52:16,119.1,119.19
2017-04-13 09:52:17,119.11,119.19
2017-04-13 09:52:18,119.11,119.19
2017-04-13 09:52:19,119.11,119.24
2017-04-13 09:52:20,119.1,119.2
2017-04-13 09:52:21,119.11,119.21
2017-04-13 09:52:22,119.11,119.21
2017-04-13 09:52:23,119.13,119.21
2017-04-13 09:52:24,119.14,119.22
2017-04-13 09:52:25,119.14,119.22
2017-04-13 09:52:26,119.14,119.22
2017-04-13 09:52:27,119.14,119.22
2017-04-13 09:52:28,119.14,119.22
2017-04-13 09:52:29,119.14,119.22
2017-04-13 09:52:30,119.14,119.21
2017-04-13 09:52:31,119.14,119.21
2017-04-13 09:52:32,119.14,119.21
2017-04-13 09:52:33,119.14,119.2
2017-04-13 09:52:34,119.14,119.2
2017-04-13 09:52:35,119.14,119.2
2017-04-13 09:52:36,119.1,119.2
2017-04-13 09:52:37,119.12,119.21
2017-04-13 09:52:38,119.12,119.22
2017-04-13 09:52:39,119.12,119.2
2017-04-13 09:52:40,119.12,119.2
2017-04-13 09:52:41,119.14,119.22
2017-04-13 09:52:42,119.14,119.22
2017-04-13 09:52:43,119.14,119.22
2017-04-13 09:52:44,119.14,119.22
2017-04-13 09:52:45,119.14,119.22
2017-04-13 09:52:46,119.14,119.22
2017-04-13 09:52:47,119.14,119.23
2017-04-13 09:52:48,119.15,119.23
2017-04-13 09:52:49,119.14,119.25
2017-04-13 09:52:50,119.14,119.22
2017-04-13 09:52:51,119.14,119.22
2017-04-13 09:52:52,119.14,119.25
2017-04-13 09:52:53,119.14,119.23
2017-04-13 09:52:54,119.14,119.23
2017-04-13 09:52:55,119.15,119.25
2017-04-13 09:52:56,119.16,119.24
2017-04-13 09:52:57,119.17,119.26
2017-04-13 09:52:58,119.17,119.27
2017-04-13 09:52:59,119.19,119.29
2017-04-13 09:53:00,119.19,119.29
2017-04-13 09:53:01,119.2,119.29
2017-04-13 09:53:02,119.2,119.29
2017-04-13 09:53:03,119.2,119.27
2017-04-13 09:53:04,119.2,119.27
2017-04-13 09:53:05,119.2,119.26
2017-04-13 09:53:06,119.18,119.24
2017-04-13 09:53:07,119.14,119.24
2017-04-13 09:53:08,119.14,119.22
2017-04-13 09:53:09,119.15,119.23
2017-04-13 09:53:10,119.17,119.24
2017-04-13 09:53:11,119.17,119.24
2017-04-13 09:53:12,119.17,119.25
2017-04-13 09:53:13,119.16,119.25
2017-04-13 09:53:14,119.16,119.25
2017-04-13 09:53:15,119.16,119.25
2017-04-13 09:53:16,119.16,119.24
2017-04-13 09:53:17,119.16,119.24
2017-04-13 09:53:18,119.16,119.25
2017-04-13 09:53:19,119.16,119.22
2017-04-13 09:53:20,119.16,119.22
2017-04-13 09:53:21,119.16,119.22
2017-04-13 09:53:22,119.16,119.22
2017-04-13 09:53:23,119.15,119.22
2017-04-13 09:53:24,119.13,119.21
2017-04-13 09:53:25,119.14,119.22
2017-04-13 09:53:26,119.14,119.21
2017-04-13 09:53:27,119.14,119.21
2017-04-13 09:53:28,119.14,119.21
2017-04-13 09:53:29,119.14,119.21
2017-04-13 09:53:30,119.13,119.21
2017-04-13 09:53:31,119.13,119.21
2017-04-13 09:53:32,119.12,119.21
2017-04-13 09:53:33,119.12,119.19
2017-04-13 09:53:34,119.11,119.19
2017-04-13 09:53:35,119.09,119.19
2017-04-13 09:53:36,119.11,119.19
2017-04-13 09:53:37,119.11,119.19
2017-04-13 09:53:38,119.11,119.19
2017-04-13 09:53:39,119.11,119.19
2017-04-13 09:53:40,119.11,119.19
2017-04-13 09:53:41,119.12,119.19
2017-04-13 09:53:42,119.12,119.19
2017-04-13 09:53:43,119.12,119.19
2017-04-13 09:53:44,119.12,119.19
2017-04-13 09:53:45,119.11,119.17
2017-04-13 09:53:46,119.11,119.17
2017-04-13 09:53:47,119.11,119.17
2017-04-13 09:53:48,119.11,119.17
2017-04-13 09:53:49,119.11,119.17
2017-04-13 09:53:50,119.11,119.17
2017-04-13 09:53:51,119.11,119.17
2017-04-13 09:53:52,119.11,119.17
2017-04-13 09:53:53,119.1,119.17
2017-04-13 09:53:54,119.1,119.16
2017-04-13 09:53:55,119.1,119.16
2017-04-13 09:53:56,119.1,119.17
2017-04-13 09:53:57,119.1,119.17
2017-04-13 09:53:58,119.1,119.17
2017-04-13 09:53:59,119.1,119.17
2017-04-13 09:54:00,119.1,119.17
2017-04-13 09:54:01,119.1,119.17
2017-04-13 09:54:02,119.1,119.17
2017-04-13 09:54:03,119.1,119.17
2017-04-13 09:54:04,119.09,119.18
2017-04-13 09:54:05,119.08,119.16
2017-04-13 09:54:06,119.08,119.16
2017-04-13 09:54:07,119.08,119.16
2017-04-13 09:54:08,119.08,119.16
2017-04-13 09:54:09,119.08,119.16
2017-04-13 09:54:10,119.08,119.16
2017-04-13 09:54:11,119.08,119.15
2017-04-13 09:54:12,119.08,119.15
2017-04-13 09:54:13,119.08,119.15
2017-04-13 09:54:14,119.08,119.15
2017-04-13 09:54:15,119.07,119.13
2017-04-13 09:54:16,119.07,119.13
2017-04-13 09:54:17,119.07,119.13
2017-04-13 09:54:18,119.06,119.13
2017-04-13 09:54:19,119.06,119.13
2017-04-13 09:54:20,119.06,119.13
2017-04-13 09:54:21,119.06,119.13
2017-04-13 09:54:22,119.06,119.13
2017-04-13 09:54:23,119.06,119.13
2017-04-13 09:54:24,119.06,119.13
2017-04-13 09:54:25,119.07,119.19
2017-04-13 09:54:26,119.07,119.16
2017-04-13 09:54:27,119.06,119.15
2017-04-13 09:54:28,119.06,119.15
2017-04-13 09:54:29,119.06,119.14
2017-04-13 09:54:30,119.06,119.14
2017-04-13 09:54:31,119.06,119.12
2017-04-13 09:54:32,119.06,119.12
2017-04-13 09:54:33,119.06,119.16
2017-04-13 09:54:34,119.06,119.16
2017-04-13 09:54:35,119.06,119.16
2017-04-13 09:54:36,119.06,119.14
2017-04-13 09:54:37,119.06,119.13
2017-04-13 09:54:38,119.06,119.13
2017-04-13 09:54:39,119.06,119.13
2017-04-13 09:54:40,119.06,119.12
2017-04-13 09:54:41,119.04,119.12
2017-04-13 09:54:42,119.05,119.13
2017-04-13 09:54:43,119.05,119.13
2017-04-13 09:54:44,119.05,119.13
2017-04-13 09:54:45,119.05,119.13
2017-04-13 09:54:46,119.05,119.13
2017-04-13 09:54:47,119.05,119.13
2017-04-13 09:54:48,119.05,119.13
2017-04-13 09:54:49,119.05,119.13
2017-04-13 09:54:50,119.05,119.13
2017-04-13 09:54:51,119.05,119.13
2017-04-13 09:54:52,119.03,119.13
2017-04-13 09:54:53,119.04,119.12
2017-04-13 09:54:54,119.04,119.12
2017-04-13 09:54:55,119.04,119.12
2017-04-13 09:54:56,119.03,119.12
2017-04-13 09:54:57,119.04,119.12
2017-04-13 09:54:58,119.04,119.12
2017-04-13 09:54:59,119.04,119.13
2017-04-13 09:55:00,119.04,119.13
2017-04-13 09:55:01,119.05,119.13
2017-04-13 09:55:02,119.05,119.13
2017-04-13 09:55:03,119.05,119.13
2017-04-13 09:55:04,119.04,119.13
2017-04-13 09:55:05,119.04,119.13
2017-04-13 09:55:06,119.05,119.14
2017-04-13 09:55:07,119.04,119.14
2017-04-13 09:55:08,119.05,119.13
2017-04-13 09:55:09,119.05,119.13
2017-04-13 09:55:10,119.05,119.13
2017-04-13 09:55:11,119.05,119.13
2017-04-13 09:55:12,119.01,119.12
2017-04-13 09:55:13,119.05,119.14
2017-04-13 09:55:14,119.05,119.14
2017-04-13 09:55:15,119.05,119.14
2017-04-13 09:55:16,119.06,119.14
2017-04-13 09:55:17,119.06,119.14
2017-04-13 09:55:18,119.05,119.14
2017-04-13 09:55:19,119.04,119.13
2017-04-13 09:55:20,119.04,119.13
2017-04-13 09:55:21,119.04,119.13
2017-04-13 09:55:22,119.04,119.13
2017-04-13 09:55:23,119.04,119.13
2017-04-13 09:55:24,119.04,119.12
2017-04-13 09:55:25,119.04,119.12
2017-04-13 09:55:26,119.03,119.12
2017-04-13 09:55:27,119.04,119.12
2017-04-13 09:55:28,119.04,119.12
2017-04-13 09:55:29,119.04,119.12
2017-04-13 09:55:30,119.04,119.12
2017-04-13 09:55:31,119.04,119.12
2017-04-13 09:55:32,119.04,119.12
2017-04-13 09:55:33,119.03,119.11
2017-04-13 09:55:34,119.04,119.13
2017-04-13 09:55:35,119.04,119.13
2017-04-13 09:55:36,119.05,119.13
2017-04-13 09:55:37,119.05,119.14
2017-04-13 09:55:38,119.05,119.14
2017-04-13 09:55:39,119.05,119.14
2017-04-13 09:55:40,119.05,119.14
2017-04-13 09:55:41,119.06,119.16
2017-04-13 09:55:42,119.06,119.16
2017-04-13 09:55:43,119.06,119.17
2017-04-13 09:55:44,119.07,119.17
2017-04-13 09:55:45,119.07,119.17
2017-04-13 09:55:46,119.08,119.17
2017-04-13 09:55:47,119.08,119.16
2017-04-13 09:55:48,119.08,119.16
2017-04-13 09:55:49,119.08,119.16
2017-04-13 09:55:50,119.08,119.16
2017-04-13 09:55:51,119.08,119.14
2017-04-13 09:55:52,119.08,119.16
2017-04-13 09:55:53,119.08,119.14
2017-04-13 09:55:54,119.08,119.14
2017-04-13 09:55:55,119.08,119.14
2017-04-13 09:55:56,119.08,119.14
2017-04-13 09:55:57,119.06,119.13
2017-04-13 09:55:58,119.06,119.13
2017-04-13 09:55:59,119.06,119.13
2017-04-13 09:56:00,119.06,119.13
2017-04-13 09:56:01,119.06,119.14
2017-04-13 09:56:02,119.06,119.14
2017-04-13 09:56:03,119.06,119.14
2017-04-13 09:56:04,119.06,119.13
2017-04-13 09:56:05,119.06,119.13
2017-04-13 09:56:06,119.06,119.12
2017-04-13 09:56:07,119.06,119.12
2017-04-13 09:56:08,119.06,119.12
2017-04-13 09:56:09,119.06,119.12
2017-04-13 09:56:10,119.06,119.12
2017-04-13 09:56:11,119.06,119.12
2017-04-13 09:56:12,119.06,119.11
2017-04-13 09:56:13,119.06,119.11
2017-04-13 09:56:14,119.04,119.11
2017-04-13 09:56:15,119.04,119.1
2017-04-13 09:56:16,119.04,119.1
2017-04-13 09:56:17,119.04,119.1
2017-04-13 09:56:18,119.04,119.1
2017-04-13 09:56:19,119.03,119.09
2017-04-13 09:56:20,119.03,119.09
2017-04-13 09:56:21,119.03,119.09
2017-04-13 09:56:22,119.03,119.09
2017-04-13 09:56:23,119.03,119.09
2017-04-13 09:56:24,119.02,119.08
2017-04-13 09:56:25,119.02,119.08
2017-04-13 09:56:26,119.02,119.09
2017-04-13 09:56:27,119.02,119.09
2017-04-13 09:56:28,119.02,119.09
2017-04-13 09:56:29,119.02,119.09
2017-04-13 09:56:30,119.02,119.09
2017-04-13 09:56:31,119.02,119.09
2017-04-13 09:56:32,119.02,119.1
2017-04-13 09:56:33,119.02,119.1
2017-04-13 09:56:34,119.02,119.09
2017-04-13 09:56:35,119.03,119.1
2017-04-13 09:56:36,119.03,119.09
2017-04-13 09:56:37,119.02,119.1
2017-04-13 09:56:38,119.03,119.13
2017-04-13 09:56:39,119.03,119.13
2017-04-13 09:56:40,119.03,119.1
2017-04-13 09:56:41,119.03,119.1
2017-04-13 09:56:42,119.02,119.09
2017-04-13 09:56:43,119.03,119.13
2017-04-13 09:56:44,119.02,119.09
2017-04-13 09:56:45,119.02,119.09
2017-04-13 09:56:46,119.03,119.13
2017-04-13 09:56:47,119.03,119.11
2017-04-13 09:56:48,119.04,119.11
2017-04-13 09:56:49,119.04,119.11
2017-04-13 09:56:50,119.05,119.13
2017-04-13 09:56:51,119.05,119.13
2017-04-13 09:56:52,119.05,119.13
2017-04-13 09:56:53,119.05,119.13
2017-04-13 09:56:54,119.05,119.13
2017-04-13 09:56:55,119.05,119.13
2017-04-13 09:56:56,119.05,119.13
2017-04-13 09:56:57,119.05,119.13
2017-04-13 09:56:58,119.05,119.13
2017-04-13 09:56:59,119.05,119.13
2017-04-13 09:57:00,119.05,119.1
2017-04-13 09:57:01,119.05,119.1
2017-04-13 09:57:02,119.03,119.09
2017-04-13 09:57:03,119.05,119.11
2017-04-13 09:57:04,119.05,119.11
2017-04-13 09:57:05,119.05,119.11
2017-04-13 09:57:06,119.05,119.11
2017-04-13 09:57:07,119.05,119.11
2017-04-13 09:57:08,119.05,119.11
2017-04-13 09:57:09,119.05,119.11
2017-04-13 09:57:10,119.05,119.12
2017-04-13 09:57:11,119.05,119.12
2017-04-13 09:57:12,119.05,119.12
2017-04-13 09:57:13,119.05,119.12
2017-04-13 09:57:14,119.05,119.12
2017-04-13 09:57:15,119.05,119.12
2017-04-13 09:57:16,119.05,119.13
2017-04-13 09:57:17,119.05,119.13
2017-04-13 09:57:18,119.05,119.13
2017-04-13 09:57:19,119.05,119.13
2017-04-13 09:57:20,119.05,119.13
2017-04-13 09:57:21,119.05,119.13
2017-04-13 09:57:22,119.05,119.13
2017-04-13 09:57:23,119.05,119.13
2017-04-13 09:57:24,119.05,119.12
2017-04-13 09:57:25,119.05,119.12
2017-04-13 09:57:26,119.05,119.13
2017-04-13 09:57:27,119.05,119.13
2017-04-13 09:57:28,119.05,119.12
2017-04-13 09:57:29,119.05,119.13
2017-04-13 09:57:30,119.05,119.13
2017-04-13 09:57:31,119.05,119.13
2017-04-13 09:57:32,119.05,119.14
2017-04-13 09:57:33,119.05,119.14
2017-04-13 09:57:34,119.05,119.14
2017-04-13 09:57:35,119.05,119.13
2017-04-13 09:57:36,119.05,119.14
2017-04-13 09:57:37,119.05,119.14
2017-04-13 09:57:38,119.05,119.14
2017-04-13 09:57:39,119.05,119.14
2017-04-13 09:57:40,119.05,119.14
2017-04-13 09:57:41,119.05,119.14
2017-04-13 09:57:42,119.05,119.14
2017-04-13 09:57:43,119.05,119.14
2017-04-13 09:57:44,119.05,119.14
2017-04-13 09:57:45,119.05,119.14
2017-04-13 09:57:46,119.05,119.15
2017-04-13 09:57:47,119.05,119.15
2017-04-13 09:57:48,119.06,119.15
2017-04-13 09:57:49,119.06,119.15
2017-04-13 09:57:50,119.06,119.15
2017-04-13 09:57:51,119.06,119.15
2017-04-13 09:57:52,119.06,119.15
2017-04-13 09:57:53,119.06,119.15
2017-04-13 09:57:54,119.06,119.15
2017-04-13 09:57:55,119.06,119.15
2017-04-13 09:57:56,119.06,119.15
2017-04-13 09:57:57,119.06,119.15
2017-04-13 09:57:58,119.07,119.15
2017-04-13 09:57:59,119.07,119.14
2017-04-13 09:58:00,119.07,119.14
2017-04-13 09:58:01,119.07,119.14
2017-04-13 09:58:02,119.07,119.14
2017-04-13 09:58:03,119.07,119.14
2017-04-13 09:58:04,119.07,119.14
2017-04-13 09:58:05,119.07,119.14
2017-04-13 09:58:06,119.07,119.14
2017-04-13 09:58:07,119.07,119.14
2017-04-13 09:58:08,119.07,119.14
2017-04-13 09:58:09,119.07,119.14
2017-04-13 09:58:10,119.07,119.14
2017-04-13 09:58:11,119.07,119.14
2017-04-13 09:58:12,119.07,119.14
2017-04-13 09:58:13,119.07,119.14
2017-04-13 09:58:14,119.07,119.14
2017-04-13 09:58:15,119.07,119.14
2017-04-13 09:58:16,119.07,119.14
2017-04-13 09:58:17,119.07,119.14
2017-04-13 09:58:18,119.07,119.14
2017-04-13 09:58:19,119.07,119.14
2017-04-13 09:58:20,119.07,119.14
2017-04-13 09:58:21,119.07,119.14
2017-04-13 09:58:22,119.07,119.14
2017-04-13 09:58:23,119.07,119.14
2017-04-13 09:58:24,119.07,119.14
2017-04-13 09:58:25,119.07,119.14
2017-04-13 09:58:26,119.07,119.14
2017-04-13 09:58:27,119.07,119.14
2017-04-13 09:58:28,119.07,119.14
2017-04-13 09:58:29,119.07,119.14
2017-04-13 09:58:30,119.07,119.14
2017-04-13 09:58:31,119.07,119.14
2017-04-13 09:58:32,119.07,119.14
2017-04-13 09:58:33,119.07,119.14
2017-04-13 09:58:34,119.07,119.14
2017-04-13 09:58:35,119.07,119.15
2017-04-13 09:58:36,119.07,119.15
2017-04-13 09:58:37,119.07,119.15
2017-04-13 09:58:38,119.07,119.15
2017-04-13 09:58:39,119.07,119.15
2017-04-13 09:58:40,119.07,119.15
2017-04-13 09:58:41,119.07,119.15
2017-04-13 09:58:42,119.07,119.15
2017-04-13 09:58:43,119.07,119.15
2017-04-13 09:58:44,119.07,119.15
2017-04-13 09:58:45,119.07,119.15
2017-04-13 09:58:46,119.07,119.14
2017-04-13 09:58:47,119.07,119.14
2017-04-13 09:58:48,119.07,119.14
2017-04-13 09:58:49,119.07,119.16
2017-04-13 09:58:50,119.07,119.15
2017-04-13 09:58:51,119.07,119.13
2017-04-13 09:58:52,119.07,119.13
2017-04-13 09:58:53,119.07,119.13
2017-04-13 09:58:54,119.07,119.13
2017-04-13 09:58:55,119.07,119.13
2017-04-13 09:58:56,119.07,119.13
2017-04-13 09:58:57,119.07,119.13
2017-04-13 09:58:58,119.07,119.13
2017-04-13 09:58:59,119.07,119.13
2017-04-13 09:59:00,119.07,119.13
2017-04-13 09:59:01,119.07,119.15
2017-04-13 09:59:02,119.07,119.15
2017-04-13 09:59:03,119.07,119.15
2017-04-13 09:59:04,119.07,119.15
2017-04-13 09:59:05,119.07,119.15
2017-04-13 09:59:06,119.07,119.15
2017-04-13 09:59:07,119.07,119.15
2017-04-13 09:59:08,119.07,119.15
2017-04-13 09:59:09,119.07,119.15
2017-04-13 09:59:10,119.07,119.15
2017-04-13 09:59:11,119.07,119.15
2017-04-13 09:59:12,119.07,119.15
2017-04-13 09:59:13,119.07,119.14
2017-04-13 09:59:14,119.07,119.14
2017-04-13 09:59:15,119.07,119.14
2017-04-13 09:59:16,119.03,119.11
2017-04-13 09:59:17,119.03,119.11
2017-04-13 09:59:18,119.03,119.11
2017-04-13 09:59:19,119.03,119.11
2017-04-13 09:59:20,119.03,119.11
2017-04-13 09:59:21,119.03,119.12
2017-04-13 09:59:22,119.03,119.09
2017-04-13 09:59:23,119.03,119.09
2017-04-13 09:59:24,119.01,119.13
2017-04-13 09:59:25,119.01,119.11
2017-04-13 09:59:26,119.01,119.11
2017-04-13 09:59:27,119.01,119.11
2017-04-13 09:59:28,119.01,119.12
2017-04-13 09:59:29,119.01,119.1
2017-04-13 09:59:30,119.01,119.11
2017-04-13 09:59:31,119.01,119.11
2017-04-13 09:59:32,119.01,119.1
2017-04-13 09:59:33,119.01,119.1
2017-04-13 09:59:34,119.01,119.11
2017-04-13 09:59:35,119.01,119.1
2017-04-13 09:59:36,119.01,119.1
2017-04-13 09:59:37,119.01,119.1
2017-04-13 09:59:38,119.01,119.1
2017-04-13 09:59:39,119.01,119.08
2017-04-13 09:59:40,119.01,119.08
2017-04-13 09:59:41,119.01,119.08
2017-04-13 09:59:42,119.01,119.08
2017-04-13 09:59:43,119.01,119.08
2017-04-13 09:59:44,119.01,119.08
2017-04-13 09:59:45,119.01,119.08
2017-04-13 09:59:46,119.01,119.08
2017-04-13 09:59:47,119.01,119.08
2017-04-13 09:59:48,119.01,119.08
2017-04-13 09:59:49,119.01,119.08
2017-04-13 09:59:50,119.01,119.08
2017-04-13 09:59:51,119.01,119.09
2017-04-13 09:59:52,119.01,119.09
2017-04-13 09:59:53,119.01,119.09
2017-04-13 09:59:54,119.01,119.09
2017-04-13 09:59:55,119.01,119.09
2017-04-13 09:59:56,119.01,119.14
2017-04-13 09:59:57,119.01,119.11
2017-04-13 09:59:58,119.01,119.56
2017-04-13 09:59:59,119.01,119.56
2017-04-13 10:00:00,119.01,119.56
2017-04-13 10:00:01,119.01,119.56
2017-04-13 10:00:02,119.01,119.56
2017-04-13 10:00:03,119.01,119.56
2017-04-13 10:00:04,119.01,119.56
2017-04-13 10:00:05,119.01,119.56
2017-04-13 10:00:06,119.01,119.13
2017-04-13 10:00:07,119.01,119.13
2017-04-13 10:00:08,119.01,119.6
2017-04-13 10:00:09,119.01,119.6
2017-04-13 10:00:10,119.01,119.6
2017-04-13 10:00:11,119.01,119.6
2017-04-13 10:00:12,119.01,119.6
2017-04-13 10:00:13,119.01,119.14
2017-04-13 10:00:14,119.01,119.14
2017-04-13 10:00:15,119.01,119.14
2017-04-13 10:00:16,119.01,119.15
2017-04-13 10:00:17,118.89,119.15
2017-04-13 10:00:18,118.89,119.15
2017-04-13 10:00:19,118.89,119.15
2017-04-13 10:00:20,118.89,119.15
2017-04-13 10:00:21,118.89,119.15
2017-04-13 10:00:22,119.04,119.27
2017-04-13 10:00:23,119.05,119.27
2017-04-13 10:00:24,119.05,119.14
2017-04-13 10:00:25,119.05,119.14
2017-04-13 10:00:26,119.05,119.27
2017-04-13 10:00:27,119.05,119.27
2017-04-13 10:00:28,119.05,119.27
2017-04-13 10:00:29,119.05,119.27
2017-04-13 10:00:30,119.05,119.27
2017-04-13 10:00:31,118.89,119.19
2017-04-13 10:00:32,118.89,119.17
2017-04-13 10:00:33,118.89,119.17
2017-04-13 10:00:34,119.07,119.17
2017-04-13 10:00:35,119.07,119.15
2017-04-13 10:00:36,119.07,119.15
2017-04-13 10:00:37,119.07,119.15
2017-04-13 10:00:38,119.07,119.15
2017-04-13 10:00:39,119.07,119.15
2017-04-13 10:00:40,119.07,119.15
2017-04-13 10:00:41,119.07,119.16
2017-04-13 10:00:42,119.07,119.16
2017-04-13 10:00:43,119.07,119.17
2017-04-13 10:00:44,119.07,119.17
2017-04-13 10:00:45,119.07,119.16
2017-04-13 10:00:46,119.07,119.2
2017-04-13 10:00:47,119.07,119.18
2017-04-13 10:00:48,119.07,119.18
2017-04-13 10:00:49,119.07,119.18
2017-04-13 10:00:50,119.07,119.16
2017-04-13 10:00:51,119.07,119.16
2017-04-13 10:00:52,119.07,119.16
2017-04-13 10:00:53,119.07,119.16
2017-04-13 10:00:54,119.07,119.16
2017-04-13 10:00:55,119.07,119.15
2017-04-13 10:00:56,119.06,119.16
2017-04-13 10:00:57,119.06,119.15
2017-04-13 10:00:58,119.06,119.15
2017-04-13 10:00:59,119.06,119.15
2017-04-13 10:01:00,119.06,119.14
2017-04-13 10:01:01,119.06,119.14
2017-04-13 10:01:02,119.06,119.14
2017-04-13 10:01:03,119.06,119.15
2017-04-13 10:01:04,119.06,119.13
2017-04-13 10:01:05,119.06,119.14
2017-04-13 10:01:06,119.06,119.15
2017-04-13 10:01:07,119.06,119.15
2017-04-13 10:01:08,119.06,119.13
2017-04-13 10:01:09,119.06,119.13
2017-04-13 10:01:10,119.06,119.12
2017-04-13 10:01:11,119.06,119.11
2017-04-13 10:01:12,119.06,119.11
2017-04-13 10:01:13,119.06,119.11
2017-04-13 10:01:14,119.06,119.11
2017-04-13 10:01:15,119.06,119.11
2017-04-13 10:01:16,119.06,119.11
2017-04-13 10:01:17,119.06,119.11
2017-04-13 10:01:18,119.06,119.11
2017-04-13 10:01:19,119.06,119.12
2017-04-13 10:01:20,119.06,119.14
2017-04-13 10:01:21,119.06,119.14
2017-04-13 10:01:22,119.06,119.13
2017-04-13 10:01:23,119.06,119.13
2017-04-13 10:01:24,119.06,119.13
2017-04-13 10:01:25,119.06,119.14
2017-04-13 10:01:26,119.06,119.14
2017-04-13 10:01:27,119.06,119.14
2017-04-13 10:01:28,119.06,119.14
2017-04-13 10:01:29,119.06,119.14
2017-04-13 10:01:30,119.06,119.14
2017-04-13 10:01:31,119.07,119.14
2017-04-13 10:01:32,119.07,119.15
2017-04-13 10:01:33,119.08,119.15
2017-04-13 10:01:34,119.08,119.15
2017-04-13 10:01:35,119.09,119.19
2017-04-13 10:01:36,119.09,119.18
2017-04-13 10:01:37,119.08,119.17
2017-04-13 10:01:38,119.08,119.16
2017-04-13 10:01:39,119.08,119.15
2017-04-13 10:01:40,119.08,119.15
2017-04-13 10:01:41,119.08,119.15
2017-04-13 10:01:42,119.08,119.15
2017-04-13 10:01:43,119.08,119.15
2017-04-13 10:01:44,119.1,119.16
2017-04-13 10:01:45,119.1,119.16
2017-04-13 10:01:46,119.1,119.16
2017-04-13 10:01:47,119.1,119.16
2017-04-13 10:01:48,119.1,119.16
2017-04-13 10:01:49,119.1,119.16
2017-04-13 10:01:50,119.1,119.18
2017-04-13 10:01:51,119.1,119.18
2017-04-13 10:01:52,119.1,119.19
2017-04-13 10:01:53,119.1,119.19
2017-04-13 10:01:54,119.1,119.19
2017-04-13 10:01:55,119.1,119.18
2017-04-13 10:01:56,119.1,119.18
2017-04-13 10:01:57,119.1,119.18
2017-04-13 10:01:58,119.1,119.2
2017-04-13 10:01:59,119.1,119.18
2017-04-13 10:02:00,119.1,119.18
2017-04-13 10:02:01,119.1,119.19
2017-04-13 10:02:02,119.1,119.2
2017-04-13 10:02:03,119.14,119.23
2017-04-13 10:02:04,119.16,119.29
2017-04-13 10:02:05,119.16,119.24
2017-04-13 10:02:06,119.16,119.29
2017-04-13 10:02:07,119.18,119.28
2017-04-13 10:02:08,119.19,119.28
2017-04-13 10:02:09,119.2,119.31
2017-04-13 10:02:10,119.2,119.29
2017-04-13 10:02:11,119.21,119.31
2017-04-13 10:02:12,119.22,119.29
2017-04-13 10:02:13,119.22,119.29
2017-04-13 10:02:14,119.22,119.3
2017-04-13 10:02:15,119.22,119.29
2017-04-13 10:02:16,119.22,119.34
2017-04-13 10:02:17,119.22,119.31
2017-04-13 10:02:18,119.22,119.3
2017-04-13 10:02:19,119.22,119.33
2017-04-13 10:02:20,119.22,119.31
2017-04-13 10:02:21,119.22,119.31
2017-04-13 10:02:22,119.23,119.35
2017-04-13 10:02:23,119.23,119.32
2017-04-13 10:02:24,119.22,119.3
2017-04-13 10:02:25,119.22,119.28
2017-04-13 10:02:26,119.22,119.28
2017-04-13 10:02:27,119.22,119.28
2017-04-13 10:02:28,119.22,119.29
2017-04-13 10:02:29,119.22,119.29
2017-04-13 10:02:30,119.22,119.29
2017-04-13 10:02:31,119.22,119.29
2017-04-13 10:02:32,119.2,119.28
2017-04-13 10:02:33,119.22,119.33
2017-04-13 10:02:34,119.22,119.29
2017-04-13 10:02:35,119.22,119.29
2017-04-13 10:02:36,119.22,119.29
2017-04-13 10:02:37,119.22,119.29
2017-04-13 10:02:38,119.22,119.29
2017-04-13 10:02:39,119.22,119.29
2017-04-13 10:02:40,119.22,119.29
2017-04-13 10:02:41,119.22,119.29
2017-04-13 10:02:42,119.22,119.29
2017-04-13 10:02:43,119.22,119.29
2017-04-13 10:02:44,119.22,119.29
2017-04-13 10:02:45,119.22,119.29
2017-04-13 10:02:46,119.22,119.29
2017-04-13 10:02:47,119.22,119.29
2017-04-13 10:02:48,119.22,119.3
2017-04-13 10:02:49,119.22,119.3
2017-04-13 10:02:50,119.22,119.3
2017-04-13 10:02:51,119.22,119.3
2017-04-13 10:02:52,119.22,119.3
2017-04-13 10:02:53,119.22,119.3
2017-04-13 10:02:54,119.22,119.3
2017-04-13 10:02:55,119.22,119.3
2017-04-13 10:02:56,119.22,119.3
2017-04-13 10:02:57,119.22,119.32
2017-04-13 10:02:58,119.23,119.32
2017-04-13 10:02:59,119.24,119.32
2017-04-13 10:03:00,119.24,119.32
2017-04-13 10:03:01,119.25,119.34
2017-04-13 10:03:02,119.25,119.34
2017-04-13 10:03:03,119.25,119.34
2017-04-13 10:03:04,119.25,119.33
2017-04-13 10:03:05,119.25,119.33
2017-04-13 10:03:06,119.25,119.33
2017-04-13 10:03:07,119.24,119.31
2017-04-13 10:03:08,119.24,119.31
2017-04-13 10:03:09,119.24,119.31
2017-04-13 10:03:10,119.23,119.3
2017-04-13 10:03:11,119.22,119.29
2017-04-13 10:03:12,119.22,119.29
2017-04-13 10:03:13,119.22,119.29
2017-04-13 10:03:14,119.22,119.29
2017-04-13 10:03:15,119.22,119.29
2017-04-13 10:03:16,119.22,119.29
2017-04-13 10:03:17,119.22,119.29
2017-04-13 10:03:18,119.22,119.29
2017-04-13 10:03:19,119.22,119.29
2017-04-13 10:03:20,119.22,119.29
2017-04-13 10:03:21,119.22,119.29
2017-04-13 10:03:22,119.23,119.34
2017-04-13 10:03:23,119.23,119.31
2017-04-13 10:03:24,119.23,119.31
2017-04-13 10:03:25,119.23,119.31
2017-04-13 10:03:26,119.23,119.31
2017-04-13 10:03:27,119.23,119.31
2017-04-13 10:03:28,119.22,119.32
2017-04-13 10:03:29,119.22,119.31
2017-04-13 10:03:30,119.22,119.31
2017-04-13 10:03:31,119.22,119.31
2017-04-13 10:03:32,119.22,119.3
2017-04-13 10:03:33,119.22,119.3
2017-04-13 10:03:34,119.22,119.3
2017-04-13 10:03:35,119.22,119.3
2017-04-13 10:03:36,119.23,119.3
2017-04-13 10:03:37,119.23,119.3
2017-04-13 10:03:38,119.23,119.3
2017-04-13 10:03:39,119.23,119.3
2017-04-13 10:03:40,119.23,119.3
2017-04-13 10:03:41,119.22,119.3
2017-04-13 10:03:42,119.23,119.3
2017-04-13 10:03:43,119.23,119.3
2017-04-13 10:03:44,119.23,119.31
2017-04-13 10:03:45,119.23,119.31
2017-04-13 10:03:46,119.23,119.31
2017-04-13 10:03:47,119.23,119.31
2017-04-13 10:03:48,119.23,119.31
2017-04-13 10:03:49,119.22,119.3
2017-04-13 10:03:50,119.22,119.29
2017-04-13 10:03:51,119.22,119.27
2017-04-13 10:03:52,119.22,119.28
2017-04-13 10:03:53,119.22,119.28
2017-04-13 10:03:54,119.22,119.28
2017-04-13 10:03:55,119.22,119.28
2017-04-13 10:03:56,119.22,119.28
2017-04-13 10:03:57,119.22,119.28
2017-04-13 10:03:58,119.22,119.28
2017-04-13 10:03:59,119.22,119.28
2017-04-13 10:04:00,119.22,119.28
2017-04-13 10:04:01,119.22,119.28
2017-04-13 10:04:02,119.22,119.28
2017-04-13 10:04:03,119.19,119.26
2017-04-13 10:04:04,119.19,119.27
2017-04-13 10:04:05,119.19,119.26
2017-04-13 10:04:06,119.19,119.26
2017-04-13 10:04:07,119.19,119.26
2017-04-13 10:04:08,119.19,119.26
2017-04-13 10:04:09,119.16,119.23
2017-04-13 10:04:10,119.16,119.23
2017-04-13 10:04:11,119.16,119.26
2017-04-13 10:04:12,119.16,119.23
2017-04-13 10:04:13,119.16,119.24
2017-04-13 10:04:14,119.16,119.24
2017-04-13 10:04:15,119.17,119.24
2017-04-13 10:04:16,119.17,119.24
2017-04-13 10:04:17,119.17,119.24
2017-04-13 10:04:18,119.18,119.24
2017-04-13 10:04:19,119.18,119.26
2017-04-13 10:04:20,119.18,119.26
2017-04-13 10:04:21,119.19,119.26
2017-04-13 10:04:22,119.18,119.26
2017-04-13 10:04:23,119.18,119.26
2017-04-13 10:04:24,119.18,119.26
2017-04-13 10:04:25,119.19,119.26
2017-04-13 10:04:26,119.19,119.26
2017-04-13 10:04:27,119.19,119.26
2017-04-13 10:04:28,119.19,119.26
2017-04-13 10:04:29,119.19,119.26
2017-04-13 10:04:30,119.19,119.26
2017-04-13 10:04:31,119.19,119.26
2017-04-13 10:04:32,119.19,119.26
2017-04-13 10:04:33,119.19,119.27
2017-04-13 10:04:34,119.21,119.3
2017-04-13 10:04:35,119.21,119.3
2017-04-13 10:04:36,119.21,119.31
2017-04-13 10:04:37,119.21,119.31
2017-04-13 10:04:38,119.21,119.31
2017-04-13 10:04:39,119.21,119.31
2017-04-13 10:04:40,119.21,119.3
2017-04-13 10:04:41,119.21,119.3
2017-04-13 10:04:42,119.21,119.3
2017-04-13 10:04:43,119.21,119.3
2017-04-13 10:04:44,119.22,119.3
2017-04-13 10:04:45,119.22,119.3
2017-04-13 10:04:46,119.22,119.3
2017-04-13 10:04:47,119.22,119.3
2017-04-13 10:04:48,119.22,119.31
2017-04-13 10:04:49,119.22,119.31
2017-04-13 10:04:50,119.22,119.31
2017-04-13 10:04:51,119.22,119.31
2017-04-13 10:04:52,119.22,119.31
2017-04-13 10:04:53,119.23,119.31
2017-04-13 10:04:54,119.24,119.31
2017-04-13 10:04:55,119.24,119.31
2017-04-13 10:04:56,119.24,119.33
2017-04-13 10:04:57,119.24,119.34
2017-04-13 10:04:58,119.24,119.34
2017-04-13 10:04:59,119.24,119.33
2017-04-13 10:05:00,119.24,119.33
2017-04-13 10:05:01,119.24,119.34
2017-04-13 10:05:02,119.24,119.32
2017-04-13 10:05:03,119.24,119.32
2017-04-13 10:05:04,119.24,119.31
2017-04-13 10:05:05,119.24,119.31
2017-04-13 10:05:06,119.24,119.31
2017-04-13 10:05:07,119.24,119.34
2017-04-13 10:05:08,119.24,119.32
2017-04-13 10:05:09,119.24,119.34
2017-04-13 10:05:10,119.24,119.32
2017-04-13 10:05:11,119.24,119.31
2017-04-13 10:05:12,119.24,119.31
2017-04-13 10:05:13,119.24,119.3
2017-04-13 10:05:14,119.24,119.3
2017-04-13 10:05:15,119.24,119.3
2017-04-13 10:05:16,119.24,119.3
2017-04-13 10:05:17,119.24,119.29
2017-04-13 10:05:18,119.2,119.28
2017-04-13 10:05:19,119.21,119.28
2017-04-13 10:05:20,119.21,119.28
2017-04-13 10:05:21,119.21,119.28
2017-04-13 10:05:22,119.21,119.28
2017-04-13 10:05:23,119.21,119.28
2017-04-13 10:05:24,119.21,119.28
2017-04-13 10:05:25,119.21,119.28
2017-04-13 10:05:26,119.21,119.28
2017-04-13 10:05:27,119.21,119.28
2017-04-13 10:05:28,119.21,119.28
2017-04-13 10:05:29,119.21,119.29
2017-04-13 10:05:30,119.21,119.29
2017-04-13 10:05:31,119.22,119.3
2017-04-13 10:05:32,119.22,119.3
2017-04-13 10:05:33,119.22,119.3
2017-04-13 10:05:34,119.22,119.3
2017-04-13 10:05:35,119.22,119.3
2017-04-13 10:05:36,119.22,119.3
2017-04-13 10:05:37,119.22,119.3
2017-04-13 10:05:38,119.22,119.3
2017-04-13 10:05:39,119.22,119.3
2017-04-13 10:05:40,119.22,119.3
2017-04-13 10:05:41,119.22,119.3
2017-04-13 10:05:42,119.22,119.3
2017-04-13 10:05:43,119.22,119.3
2017-04-13 10:05:44,119.22,119.3
2017-04-13 10:05:45,119.22,119.3
2017-04-13 10:05:46,119.22,119.3
2017-04-13 10:05:47,119.22,119.3
2017-04-13 10:05:48,119.22,119.3
2017-04-13 10:05:49,119.22,119.3
2017-04-13 10:05:50,119.22,119.3
2017-04-13 10:05:51,119.22,119.3
2017-04-13 10:05:52,119.22,119.3
2017-04-13 10:05:53,119.22,119.3
2017-04-13 10:05:54,119.22,119.3
2017-04-13 10:05:55,119.22,119.3
2017-04-13 10:05:56,119.22,119.3
2017-04-13 10:05:57,119.22,119.3
2017-04-13 10:05:58,119.22,119.3
2017-04-13 10:05:59,119.22,119.3
2017-04-13 10:06:00,119.22,119.3
2017-04-13 10:06:01,119.22,119.3
2017-04-13 10:06:02,119.22,119.3
2017-04-13 10:06:03,119.22,119.3
2017-04-13 10:06:04,119.22,119.29
2017-04-13 10:06:05,119.22,119.29
2017-04-13 10:06:06,119.22,119.28
2017-04-13 10:06:07,119.22,119.28
2017-04-13 10:06:08,119.22,119.28
2017-04-13 10:06:09,119.22,119.28
2017-04-13 10:06:10,119.22,119.28
2017-04-13 10:06:11,119.22,119.28
2017-04-13 10:06:12,119.22,119.28
2017-04-13 10:06:13,119.21,119.27
2017-04-13 10:06:14,119.21,119.27
2017-04-13 10:06:15,119.21,119.27
2017-04-13 10:06:16,119.21,119.27
2017-04-13 10:06:17,119.21,119.28
2017-04-13 10:06:18,119.21,119.28
2017-04-13 10:06:19,119.21,119.28
2017-04-13 10:06:20,119.21,119.26
2017-04-13 10:06:21,119.2,119.26
2017-04-13 10:06:22,119.2,119.26
2017-04-13 10:06:23,119.2,119.27
2017-04-13 10:06:24,119.2,119.25
2017-04-13 10:06:25,119.2,119.27
2017-04-13 10:06:26,119.2,119.26
2017-04-13 10:06:27,119.2,119.26
2017-04-13 10:06:28,119.19,119.25
2017-04-13 10:06:29,119.19,119.26
2017-04-13 10:06:30,119.19,119.26
2017-04-13 10:06:31,119.19,119.26
2017-04-13 10:06:32,119.19,119.26
2017-04-13 10:06:33,119.19,119.26
2017-04-13 10:06:34,119.19,119.26
2017-04-13 10:06:35,119.19,119.26
2017-04-13 10:06:36,119.19,119.26
2017-04-13 10:06:37,119.19,119.26
2017-04-13 10:06:38,119.19,119.26
2017-04-13 10:06:39,119.19,119.26
2017-04-13 10:06:40,119.19,119.25
2017-04-13 10:06:41,119.19,119.27
2017-04-13 10:06:42,119.19,119.26
2017-04-13 10:06:43,119.18,119.24
2017-04-13 10:06:44,119.18,119.23
2017-04-13 10:06:45,119.17,119.23
2017-04-13 10:06:46,119.17,119.23
2017-04-13 10:06:47,119.17,119.23
2017-04-13 10:06:48,119.17,119.23
2017-04-13 10:06:49,119.17,119.23
2017-04-13 10:06:50,119.17,119.23
2017-04-13 10:06:51,119.17,119.23
2017-04-13 10:06:52,119.17,119.24
2017-04-13 10:06:53,119.17,119.23
2017-04-13 10:06:54,119.17,119.24
2017-04-13 10:06:55,119.17,119.24
2017-04-13 10:06:56,119.17,119.24
2017-04-13 10:06:57,119.17,119.24
2017-04-13 10:06:58,119.17,119.23
2017-04-13 10:06:59,119.17,119.23
2017-04-13 10:07:00,119.17,119.24
2017-04-13 10:07:01,119.17,119.23
2017-04-13 10:07:02,119.17,119.23
2017-04-13 10:07:03,119.17,119.23
2017-04-13 10:07:04,119.15,119.21
2017-04-13 10:07:05,119.15,119.22
2017-04-13 10:07:06,119.15,119.22
2017-04-13 10:07:07,119.16,119.22
2017-04-13 10:07:08,119.16,119.23
2017-04-13 10:07:09,119.15,119.22
2017-04-13 10:07:10,119.15,119.21
2017-04-13 10:07:11,119.15,119.2
2017-04-13 10:07:12,119.15,119.21
2017-04-13 10:07:13,119.15,119.21
2017-04-13 10:07:14,119.15,119.2
2017-04-13 10:07:15,119.13,119.19
2017-04-13 10:07:16,119.12,119.19
2017-04-13 10:07:17,119.12,119.19
2017-04-13 10:07:18,119.12,119.2
2017-04-13 10:07:19,119.13,119.21
2017-04-13 10:07:20,119.13,119.21
2017-04-13 10:07:21,119.13,119.2
2017-04-13 10:07:22,119.13,119.2
2017-04-13 10:07:23,119.13,119.2
2017-04-13 10:07:24,119.12,119.18
2017-04-13 10:07:25,119.12,119.19
2017-04-13 10:07:26,119.12,119.2
2017-04-13 10:07:27,119.12,119.2
2017-04-13 10:07:28,119.12,119.2
2017-04-13 10:07:29,119.12,119.2
2017-04-13 10:07:30,119.12,119.2
2017-04-13 10:07:31,119.12,119.2
2017-04-13 10:07:32,119.12,119.19
2017-04-13 10:07:33,119.12,119.19
2017-04-13 10:07:34,119.12,119.19
2017-04-13 10:07:35,119.12,119.19
2017-04-13 10:07:36,119.12,119.19
2017-04-13 10:07:37,119.12,119.18
2017-04-13 10:07:38,119.12,119.18
2017-04-13 10:07:39,119.12,119.18
2017-04-13 10:07:40,119.12,119.18
2017-04-13 10:07:41,119.12,119.18
2017-04-13 10:07:42,119.12,119.18
2017-04-13 10:07:43,119.12,119.18
2017-04-13 10:07:44,119.12,119.18
2017-04-13 10:07:45,119.12,119.18
2017-04-13 10:07:46,119.12,119.18
2017-04-13 10:07:47,119.12,119.18
2017-04-13 10:07:48,119.12,119.18
2017-04-13 10:07:49,119.12,119.18
2017-04-13 10:07:50,119.12,119.18
2017-04-13 10:07:51,119.12,119.18
2017-04-13 10:07:52,119.12,119.17
2017-04-13 10:07:53,119.12,119.19
2017-04-13 10:07:54,119.12,119.17
2017-04-13 10:07:55,119.12,119.17
2017-04-13 10:07:56,119.12,119.17
2017-04-13 10:07:57,119.12,119.17
2017-04-13 10:07:58,119.12,119.17
2017-04-13 10:07:59,119.12,119.17
2017-04-13 10:08:00,119.12,119.17
2017-04-13 10:08:01,119.12,119.17
2017-04-13 10:08:02,119.1,119.17
2017-04-13 10:08:03,119.1,119.17
2017-04-13 10:08:04,119.1,119.17
2017-04-13 10:08:05,119.1,119.17
2017-04-13 10:08:06,119.1,119.16
2017-04-13 10:08:07,119.1,119.16
2017-04-13 10:08:08,119.1,119.16
2017-04-13 10:08:09,119.1,119.16
2017-04-13 10:08:10,119.1,119.16
2017-04-13 10:08:11,119.1,119.17
2017-04-13 10:08:12,119.1,119.17
2017-04-13 10:08:13,119.1,119.17
2017-04-13 10:08:14,119.1,119.17
2017-04-13 10:08:15,119.1,119.17
2017-04-13 10:08:16,119.1,119.17
2017-04-13 10:08:17,119.1,119.17
2017-04-13 10:08:18,119.1,119.17
2017-04-13 10:08:19,119.1,119.17
2017-04-13 10:08:20,119.1,119.17
2017-04-13 10:08:21,119.1,119.17
2017-04-13 10:08:22,119.1,119.17
2017-04-13 10:08:23,119.12,119.22
2017-04-13 10:08:24,119.12,119.19
2017-04-13 10:08:25,119.12,119.2
2017-04-13 10:08:26,119.12,119.2
2017-04-13 10:08:27,119.12,119.2
2017-04-13 10:08:28,119.12,119.2
2017-04-13 10:08:29,119.12,119.21
2017-04-13 10:08:30,119.12,119.2
2017-04-13 10:08:31,119.12,119.19
2017-04-13 10:08:32,119.12,119.19
2017-04-13 10:08:33,119.12,119.19
2017-04-13 10:08:34,119.12,119.19
2017-04-13 10:08:35,119.12,119.19
2017-04-13 10:08:36,119.12,119.19
2017-04-13 10:08:37,119.12,119.19
2017-04-13 10:08:38,119.12,119.19
2017-04-13 10:08:39,119.12,119.22
2017-04-13 10:08:40,119.12,119.21
2017-04-13 10:08:41,119.12,119.21
2017-04-13 10:08:42,119.12,119.21
2017-04-13 10:08:43,119.12,119.21
2017-04-13 10:08:44,119.12,119.21
2017-04-13 10:08:45,119.12,119.21
2017-04-13 10:08:46,119.12,119.2
2017-04-13 10:08:47,119.12,119.19
2017-04-13 10:08:48,119.12,119.2
2017-04-13 10:08:49,119.13,119.21
2017-04-13 10:08:50,119.13,119.21
2017-04-13 10:08:51,119.13,119.21
2017-04-13 10:08:52,119.13,119.21
2017-04-13 10:08:53,119.13,119.2
2017-04-13 10:08:54,119.13,119.2
2017-04-13 10:08:55,119.13,119.2
2017-04-13 10:08:56,119.12,119.19
2017-04-13 10:08:57,119.12,119.19
2017-04-13 10:08:58,119.12,119.19
2017-04-13 10:08:59,119.12,119.19
2017-04-13 10:09:00,119.12,119.17
2017-04-13 10:09:01,119.12,119.18
2017-04-13 10:09:02,119.12,119.18
2017-04-13 10:09:03,119.12,119.18
2017-04-13 10:09:04,119.12,119.18
2017-04-13 10:09:05,119.12,119.18
2017-04-13 10:09:06,119.12,119.18
2017-04-13 10:09:07,119.12,119.18
2017-04-13 10:09:08,119.12,119.18
2017-04-13 10:09:09,119.12,119.19
2017-04-13 10:09:10,119.12,119.19
2017-04-13 10:09:11,119.12,119.19
2017-04-13 10:09:12,119.13,119.19
2017-04-13 10:09:13,119.13,119.19
2017-04-13 10:09:14,119.11,119.19
2017-04-13 10:09:15,119.12,119.19
2017-04-13 10:09:16,119.12,119.19
2017-04-13 10:09:17,119.11,119.19
2017-04-13 10:09:18,119.11,119.19
2017-04-13 10:09:19,119.11,119.19
2017-04-13 10:09:20,119.12,119.19
2017-04-13 10:09:21,119.12,119.19
2017-04-13 10:09:22,119.12,119.19
2017-04-13 10:09:23,119.12,119.19
2017-04-13 10:09:24,119.12,119.19
2017-04-13 10:09:25,119.13,119.19
2017-04-13 10:09:26,119.13,119.19
2017-04-13 10:09:27,119.14,119.19
2017-04-13 10:09:28,119.15,119.23
2017-04-13 10:09:29,119.15,119.23
2017-04-13 10:09:30,119.15,119.23
2017-04-13 10:09:31,119.15,119.23
2017-04-13 10:09:32,119.15,119.23
2017-04-13 10:09:33,119.15,119.23
2017-04-13 10:09:34,119.16,119.23
2017-04-13 10:09:35,119.16,119.23
2017-04-13 10:09:36,119.16,119.23
2017-04-13 10:09:37,119.16,119.23
2017-04-13 10:09:38,119.16,119.24
2017-04-13 10:09:39,119.15,119.24
2017-04-13 10:09:40,119.15,119.21
2017-04-13 10:09:41,119.15,119.21
2017-04-13 10:09:42,119.15,119.21
2017-04-13 10:09:43,119.15,119.21
2017-04-13 10:09:44,119.15,119.2
2017-04-13 10:09:45,119.15,119.21
2017-04-13 10:09:46,119.15,119.21
2017-04-13 10:09:47,119.15,119.21
2017-04-13 10:09:48,119.15,119.22
2017-04-13 10:09:49,119.15,119.23
2017-04-13 10:09:50,119.15,119.22
2017-04-13 10:09:51,119.15,119.22
2017-04-13 10:09:52,119.15,119.21
2017-04-13 10:09:53,119.15,119.21
2017-04-13 10:09:54,119.15,119.21
2017-04-13 10:09:55,119.15,119.21
2017-04-13 10:09:56,119.15,119.21
2017-04-13 10:09:57,119.15,119.21
2017-04-13 10:09:58,119.15,119.22
2017-04-13 10:09:59,119.15,119.21
2017-04-13 10:10:00,119.15,119.21
2017-04-13 10:10:01,119.15,119.22
2017-04-13 10:10:02,119.15,119.21
2017-04-13 10:10:03,119.15,119.2
2017-04-13 10:10:04,119.1,119.19
2017-04-13 10:10:05,119.11,119.19
2017-04-13 10:10:06,119.11,119.19
2017-04-13 10:10:07,119.11,119.19
2017-04-13 10:10:08,119.12,119.2
2017-04-13 10:10:09,119.12,119.2
2017-04-13 10:10:10,119.12,119.2
2017-04-13 10:10:11,119.12,119.2
2017-04-13 10:10:12,119.12,119.2
2017-04-13 10:10:13,119.12,119.2
2017-04-13 10:10:14,119.12,119.2
2017-04-13 10:10:15,119.12,119.2
2017-04-13 10:10:16,119.12,119.2
2017-04-13 10:10:17,119.12,119.2
2017-04-13 10:10:18,119.12,119.2
2017-04-13 10:10:19,119.13,119.21
2017-04-13 10:10:20,119.15,119.22
2017-04-13 10:10:21,119.15,119.22
2017-04-13 10:10:22,119.15,119.22
2017-04-13 10:10:23,119.15,119.22
2017-04-13 10:10:24,119.15,119.22
2017-04-13 10:10:25,119.15,119.22
2017-04-13 10:10:26,119.15,119.22
2017-04-13 10:10:27,119.15,119.23
2017-04-13 10:10:28,119.15,119.23
2017-04-13 10:10:29,119.15,119.23
2017-04-13 10:10:30,119.15,119.23
2017-04-13 10:10:31,119.15,119.23
2017-04-13 10:10:32,119.15,119.23
2017-04-13 10:10:33,119.15,119.24
2017-04-13 10:10:34,119.15,119.24
2017-04-13 10:10:35,119.15,119.24
2017-04-13 10:10:36,119.15,119.24
2017-04-13 10:10:37,119.15,119.24
2017-04-13 10:10:38,119.15,119.23
2017-04-13 10:10:39,119.15,119.23
2017-04-13 10:10:40,119.15,119.23
2017-04-13 10:10:41,119.15,119.23
2017-04-13 10:10:42,119.15,119.23
2017-04-13 10:10:43,119.15,119.24
2017-04-13 10:10:44,119.15,119.23
2017-04-13 10:10:45,119.15,119.23
2017-04-13 10:10:46,119.15,119.23
2017-04-13 10:10:47,119.15,119.23
2017-04-13 10:10:48,119.15,119.24
2017-04-13 10:10:49,119.15,119.24
2017-04-13 10:10:50,119.16,119.25
2017-04-13 10:10:51,119.16,119.25
2017-04-13 10:10:52,119.16,119.25
2017-04-13 10:10:53,119.16,119.23
2017-04-13 10:10:54,119.16,119.25
2017-04-13 10:10:55,119.16,119.25
2017-04-13 10:10:56,119.16,119.25
2017-04-13 10:10:57,119.16,119.23
2017-04-13 10:10:58,119.16,119.23
2017-04-13 10:10:59,119.16,119.23
2017-04-13 10:11:00,119.16,119.23
2017-04-13 10:11:01,119.16,119.23
2017-04-13 10:11:02,119.15,119.23
2017-04-13 10:11:03,119.15,119.24
2017-04-13 10:11:04,119.15,119.24
2017-04-13 10:11:05,119.15,119.24
2017-04-13 10:11:06,119.15,119.24
2017-04-13 10:11:07,119.15,119.23
2017-04-13 10:11:08,119.15,119.23
2017-04-13 10:11:09,119.15,119.24
2017-04-13 10:11:10,119.15,119.24
2017-04-13 10:11:11,119.15,119.24
2017-04-13 10:11:12,119.15,119.24
2017-04-13 10:11:13,119.15,119.24
2017-04-13 10:11:14,119.15,119.24
2017-04-13 10:11:15,119.15,119.24
2017-04-13 10:11:16,119.15,119.24
2017-04-13 10:11:17,119.15,119.24
2017-04-13 10:11:18,119.15,119.24
2017-04-13 10:11:19,119.18,119.27
2017-04-13 10:11:20,119.18,119.27
2017-04-13 10:11:21,119.18,119.3
2017-04-13 10:11:22,119.18,119.27
2017-04-13 10:11:23,119.18,119.27
2017-04-13 10:11:24,119.18,119.27
2017-04-13 10:11:25,119.18,119.27
2017-04-13 10:11:26,119.18,119.27
2017-04-13 10:11:27,119.18,119.27
2017-04-13 10:11:28,119.18,119.26
2017-04-13 10:11:29,119.18,119.27
2017-04-13 10:11:30,119.18,119.27
2017-04-13 10:11:31,119.18,119.27
2017-04-13 10:11:32,119.18,119.27
2017-04-13 10:11:33,119.18,119.27
2017-04-13 10:11:34,119.18,119.29
2017-04-13 10:11:35,119.18,119.27
2017-04-13 10:11:36,119.18,119.26
2017-04-13 10:11:37,119.18,119.26
2017-04-13 10:11:38,119.18,119.26
2017-04-13 10:11:39,119.18,119.27
2017-04-13 10:11:40,119.19,119.29
2017-04-13 10:11:41,119.19,119.28
2017-04-13 10:11:42,119.19,119.27
2017-04-13 10:11:43,119.19,119.27
2017-04-13 10:11:44,119.19,119.27
2017-04-13 10:11:45,119.19,119.27
2017-04-13 10:11:46,119.19,119.29
2017-04-13 10:11:47,119.2,119.3
2017-04-13 10:11:48,119.2,119.29
2017-04-13 10:11:49,119.2,119.29
2017-04-13 10:11:50,119.2,119.29
2017-04-13 10:11:51,119.2,119.3
2017-04-13 10:11:52,119.2,119.3
2017-04-13 10:11:53,119.2,119.29
2017-04-13 10:11:54,119.2,119.3
2017-04-13 10:11:55,119.2,119.3
2017-04-13 10:11:56,119.2,119.3
2017-04-13 10:11:57,119.2,119.3
2017-04-13 10:11:58,119.2,119.3
2017-04-13 10:11:59,119.2,119.3
2017-04-13 10:12:00,119.2,119.3
2017-04-13 10:12:01,119.2,119.29
2017-04-13 10:12:02,119.2,119.29
2017-04-13 10:12:03,119.21,119.3
2017-04-13 10:12:04,119.21,119.3
2017-04-13 10:12:05,119.21,119.3
2017-04-13 10:12:06,119.21,119.29
2017-04-13 10:12:07,119.21,119.29
2017-04-13 10:12:08,119.21,119.3
2017-04-13 10:12:09,119.21,119.28
2017-04-13 10:12:10,119.21,119.28
2017-04-13 10:12:11,119.21,119.28
2017-04-13 10:12:12,119.21,119.28
2017-04-13 10:12:13,119.21,119.28
2017-04-13 10:12:14,119.2,119.26
2017-04-13 10:12:15,119.18,119.27
2017-04-13 10:12:16,119.21,119.28
2017-04-13 10:12:17,119.21,119.28
2017-04-13 10:12:18,119.21,119.28
2017-04-13 10:12:19,119.21,119.28
2017-04-13 10:12:20,119.21,119.28
2017-04-13 10:12:21,119.21,119.29
2017-04-13 10:12:22,119.21,119.3
2017-04-13 10:12:23,119.21,119.29
2017-04-13 10:12:24,119.21,119.3
2017-04-13 10:12:25,119.21,119.3
2017-04-13 10:12:26,119.21,119.3
2017-04-13 10:12:27,119.21,119.3
2017-04-13 10:12:28,119.21,119.3
2017-04-13 10:12:29,119.21,119.3
2017-04-13 10:12:30,119.21,119.3
2017-04-13 10:12:31,119.21,119.3
2017-04-13 10:12:32,119.22,119.31
2017-04-13 10:12:33,119.22,119.31
2017-04-13 10:12:34,119.22,119.31
2017-04-13 10:12:35,119.22,119.31
2017-04-13 10:12:36,119.22,119.31
2017-04-13 10:12:37,119.22,119.31
2017-04-13 10:12:38,119.22,119.31
2017-04-13 10:12:39,119.22,119.31
2017-04-13 10:12:40,119.22,119.31
2017-04-13 10:12:41,119.23,119.33
2017-04-13 10:12:42,119.23,119.32
2017-04-13 10:12:43,119.23,119.32
2017-04-13 10:12:44,119.23,119.32
2017-04-13 10:12:45,119.23,119.32
2017-04-13 10:12:46,119.23,119.32
2017-04-13 10:12:47,119.23,119.32
2017-04-13 10:12:48,119.23,119.32
2017-04-13 10:12:49,119.23,119.32
2017-04-13 10:12:50,119.23,119.32
2017-04-13 10:12:51,119.23,119.32
2017-04-13 10:12:52,119.23,119.32
2017-04-13 10:12:53,119.23,119.31
2017-04-13 10:12:54,119.23,119.32
2017-04-13 10:12:55,119.23,119.32
2017-04-13 10:12:56,119.23,119.32
2017-04-13 10:12:57,119.23,119.32
2017-04-13 10:12:58,119.23,119.31
2017-04-13 10:12:59,119.23,119.31
2017-04-13 10:13:00,119.23,119.31
2017-04-13 10:13:01,119.23,119.32
2017-04-13 10:13:02,119.23,119.32
2017-04-13 10:13:03,119.23,119.32
2017-04-13 10:13:04,119.23,119.31
2017-04-13 10:13:05,119.23,119.3
2017-04-13 10:13:06,119.23,119.3
2017-04-13 10:13:07,119.23,119.29
2017-04-13 10:13:08,119.23,119.3
2017-04-13 10:13:09,119.23,119.3
2017-04-13 10:13:10,119.23,119.29
2017-04-13 10:13:11,119.23,119.29
2017-04-13 10:13:12,119.2,119.28
2017-04-13 10:13:13,119.21,119.3
2017-04-13 10:13:14,119.21,119.3
2017-04-13 10:13:15,119.21,119.3
2017-04-13 10:13:16,119.23,119.31
2017-04-13 10:13:17,119.23,119.31
2017-04-13 10:13:18,119.23,119.31
2017-04-13 10:13:19,119.23,119.3
2017-04-13 10:13:20,119.23,119.3
2017-04-13 10:13:21,119.23,119.3
2017-04-13 10:13:22,119.23,119.3
2017-04-13 10:13:23,119.2,119.28
2017-04-13 10:13:24,119.2,119.31
2017-04-13 10:13:25,119.2,119.29
2017-04-13 10:13:26,119.21,119.29
2017-04-13 10:13:27,119.21,119.29
2017-04-13 10:13:28,119.21,119.29
2017-04-13 10:13:29,119.21,119.29
2017-04-13 10:13:30,119.23,119.31
2017-04-13 10:13:31,119.23,119.31
2017-04-13 10:13:32,119.23,119.31
2017-04-13 10:13:33,119.23,119.31
2017-04-13 10:13:34,119.23,119.31
2017-04-13 10:13:35,119.23,119.31
2017-04-13 10:13:36,119.23,119.31
2017-04-13 10:13:37,119.23,119.31
2017-04-13 10:13:38,119.23,119.31
2017-04-13 10:13:39,119.23,119.31
2017-04-13 10:13:40,119.23,119.31
2017-04-13 10:13:41,119.23,119.31
2017-04-13 10:13:42,119.23,119.3
2017-04-13 10:13:43,119.23,119.3
2017-04-13 10:13:44,119.23,119.3
2017-04-13 10:13:45,119.23,119.3
2017-04-13 10:13:46,119.23,119.3
2017-04-13 10:13:47,119.23,119.3
2017-04-13 10:13:48,119.23,119.29
2017-04-13 10:13:49,119.23,119.29
2017-04-13 10:13:50,119.23,119.29
2017-04-13 10:13:51,119.23,119.29
2017-04-13 10:13:52,119.23,119.29
2017-04-13 10:13:53,119.23,119.29
2017-04-13 10:13:54,119.23,119.29
2017-04-13 10:13:55,119.23,119.29
2017-04-13 10:13:56,119.22,119.28
2017-04-13 10:13:57,119.21,119.28
2017-04-13 10:13:58,119.21,119.28
2017-04-13 10:13:59,119.21,119.28
2017-04-13 10:14:00,119.21,119.28
2017-04-13 10:14:01,119.21,119.28
2017-04-13 10:14:02,119.21,119.27
2017-04-13 10:14:03,119.19,119.26
2017-04-13 10:14:04,119.19,119.27
2017-04-13 10:14:05,119.19,119.27
2017-04-13 10:14:06,119.19,119.27
2017-04-13 10:14:07,119.19,119.27
2017-04-13 10:14:08,119.19,119.3
2017-04-13 10:14:09,119.19,119.27
2017-04-13 10:14:10,119.19,119.25
2017-04-13 10:14:11,119.19,119.25
2017-04-13 10:14:12,119.19,119.25
2017-04-13 10:14:13,119.19,119.28
2017-04-13 10:14:14,119.19,119.25
2017-04-13 10:14:15,119.19,119.25
2017-04-13 10:14:16,119.19,119.25
2017-04-13 10:14:17,119.19,119.25
2017-04-13 10:14:18,119.19,119.26
2017-04-13 10:14:19,119.19,119.25
2017-04-13 10:14:20,119.19,119.25
2017-04-13 10:14:21,119.19,119.25
2017-04-13 10:14:22,119.19,119.26
2017-04-13 10:14:23,119.19,119.26
2017-04-13 10:14:24,119.19,119.26
2017-04-13 10:14:25,119.19,119.26
2017-04-13 10:14:26,119.19,119.24
2017-04-13 10:14:27,119.19,119.24
2017-04-13 10:14:28,119.19,119.24
2017-04-13 10:14:29,119.19,119.24
2017-04-13 10:14:30,119.19,119.24
2017-04-13 10:14:31,119.19,119.27
2017-04-13 10:14:32,119.19,119.24
2017-04-13 10:14:33,119.19,119.27
2017-04-13 10:14:34,119.19,119.27
2017-04-13 10:14:35,119.19,119.27
2017-04-13 10:14:36,119.19,119.26
2017-04-13 10:14:37,119.19,119.26
2017-04-13 10:14:38,119.19,119.25
2017-04-13 10:14:39,119.19,119.24
2017-04-13 10:14:40,119.19,119.24
2017-04-13 10:14:41,119.19,119.27
2017-04-13 10:14:42,119.19,119.26
2017-04-13 10:14:43,119.19,119.26
2017-04-13 10:14:44,119.19,119.26
2017-04-13 10:14:45,119.19,119.26
2017-04-13 10:14:46,119.19,119.26
2017-04-13 10:14:47,119.19,119.26
2017-04-13 10:14:48,119.19,119.26
2017-04-13 10:14:49,119.19,119.26
2017-04-13 10:14:50,119.19,119.26
2017-04-13 10:14:51,119.19,119.25
2017-04-13 10:14:52,119.19,119.24
2017-04-13 10:14:53,119.16,119.24
2017-04-13 10:14:54,119.16,119.24
2017-04-13 10:14:55,119.16,119.24
2017-04-13 10:14:56,119.16,119.24
2017-04-13 10:14:57,119.16,119.24
2017-04-13 10:14:58,119.16,119.24
2017-04-13 10:14:59,119.16,119.25
2017-04-13 10:15:00,119.16,119.24
2017-04-13 10:15:01,119.16,119.23
2017-04-13 10:15:02,119.17,119.25
2017-04-13 10:15:03,119.17,119.25
2017-04-13 10:15:04,119.17,119.25
2017-04-13 10:15:05,119.17,119.25
2017-04-13 10:15:06,119.17,119.25
2017-04-13 10:15:07,119.17,119.25
2017-04-13 10:15:08,119.17,119.25
2017-04-13 10:15:09,119.17,119.26
2017-04-13 10:15:10,119.17,119.26
2017-04-13 10:15:11,119.17,119.26
2017-04-13 10:15:12,119.17,119.26
2017-04-13 10:15:13,119.17,119.26
2017-04-13 10:15:14,119.17,119.26
2017-04-13 10:15:15,119.17,119.25
2017-04-13 10:15:16,119.17,119.26
2017-04-13 10:15:17,119.17,119.24
2017-04-13 10:15:18,119.17,119.24
2017-04-13 10:15:19,119.17,119.24
2017-04-13 10:15:20,119.17,119.24
2017-04-13 10:15:21,119.17,119.24
2017-04-13 10:15:22,119.17,119.24
2017-04-13 10:15:23,119.17,119.24
2017-04-13 10:15:24,119.17,119.24
2017-04-13 10:15:25,119.16,119.21
2017-04-13 10:15:26,119.16,119.21
2017-04-13 10:15:27,119.13,119.22
2017-04-13 10:15:28,119.13,119.22
2017-04-13 10:15:29,119.13,119.22
2017-04-13 10:15:30,119.13,119.22
2017-04-13 10:15:31,119.13,119.22
2017-04-13 10:15:32,119.13,119.22
2017-04-13 10:15:33,119.13,119.22
2017-04-13 10:15:34,119.13,119.22
2017-04-13 10:15:35,119.13,119.22
2017-04-13 10:15:36,119.13,119.21
2017-04-13 10:15:37,119.13,119.22
2017-04-13 10:15:38,119.13,119.22
2017-04-13 10:15:39,119.13,119.22
2017-04-13 10:15:40,119.13,119.22
2017-04-13 10:15:41,119.13,119.22
2017-04-13 10:15:42,119.13,119.22
2017-04-13 10:15:43,119.13,119.22
2017-04-13 10:15:44,119.13,119.22
2017-04-13 10:15:45,119.13,119.22
2017-04-13 10:15:46,119.13,119.22
2017-04-13 10:15:47,119.13,119.22
2017-04-13 10:15:48,119.13,119.22
2017-04-13 10:15:49,119.13,119.22
2017-04-13 10:15:50,119.13,119.21
2017-04-13 10:15:51,119.13,119.22
2017-04-13 10:15:52,119.15,119.2
2017-04-13 10:15:53,119.15,119.22
2017-04-13 10:15:54,119.15,119.22
2017-04-13 10:15:55,119.15,119.22
2017-04-13 10:15:56,119.15,119.22
2017-04-13 10:15:57,119.15,119.22
2017-04-13 10:15:58,119.15,119.22
2017-04-13 10:15:59,119.15,119.22
2017-04-13 10:16:00,119.15,119.22
2017-04-13 10:16:01,119.15,119.22
2017-04-13 10:16:02,119.15,119.22
2017-04-13 10:16:03,119.15,119.22
2017-04-13 10:16:04,119.15,119.22
2017-04-13 10:16:05,119.15,119.22
2017-04-13 10:16:06,119.15,119.22
2017-04-13 10:16:07,119.15,119.22
2017-04-13 10:16:08,119.15,119.22
2017-04-13 10:16:09,119.15,119.22
2017-04-13 10:16:10,119.16,119.26
2017-04-13 10:16:11,119.16,119.26
2017-04-13 10:16:12,119.16,119.26
2017-04-13 10:16:13,119.18,119.27
2017-04-13 10:16:14,119.18,119.27
2017-04-13 10:16:15,119.18,119.28
2017-04-13 10:16:16,119.18,119.28
2017-04-13 10:16:17,119.18,119.28
2017-04-13 10:16:18,119.18,119.28
2017-04-13 10:16:19,119.18,119.28
2017-04-13 10:16:20,119.18,119.28
2017-04-13 10:16:21,119.18,119.28
2017-04-13 10:16:22,119.18,119.28
2017-04-13 10:16:23,119.18,119.28
2017-04-13 10:16:24,119.18,119.28
2017-04-13 10:16:25,119.18,119.26
2017-04-13 10:16:26,119.18,119.26
2017-04-13 10:16:27,119.18,119.27
2017-04-13 10:16:28,119.18,119.27
2017-04-13 10:16:29,119.18,119.26
2017-04-13 10:16:30,119.18,119.26
2017-04-13 10:16:31,119.18,119.25
2017-04-13 10:16:32,119.18,119.25
2017-04-13 10:16:33,119.18,119.26
2017-04-13 10:16:34,119.18,119.24
2017-04-13 10:16:35,119.18,119.24
2017-04-13 10:16:36,119.18,119.24
2017-04-13 10:16:37,119.18,119.25
2017-04-13 10:16:38,119.18,119.25
2017-04-13 10:16:39,119.18,119.26
2017-04-13 10:16:40,119.18,119.24
2017-04-13 10:16:41,119.18,119.24
2017-04-13 10:16:42,119.18,119.24
2017-04-13 10:16:43,119.18,119.24
2017-04-13 10:16:44,119.15,119.23
2017-04-13 10:16:45,119.15,119.23
2017-04-13 10:16:46,119.16,119.25
2017-04-13 10:16:47,119.16,119.24
2017-04-13 10:16:48,119.16,119.24
2017-04-13 10:16:49,119.16,119.24
2017-04-13 10:16:50,119.16,119.24
2017-04-13 10:16:51,119.16,119.24
2017-04-13 10:16:52,119.16,119.24
2017-04-13 10:16:53,119.16,119.25
2017-04-13 10:16:54,119.16,119.26
2017-04-13 10:16:55,119.16,119.26
2017-04-13 10:16:56,119.16,119.26
2017-04-13 10:16:57,119.16,119.26
2017-04-13 10:16:58,119.18,119.27
2017-04-13 10:16:59,119.18,119.27
2017-04-13 10:17:00,119.18,119.27
2017-04-13 10:17:01,119.18,119.27
2017-04-13 10:17:02,119.18,119.27
2017-04-13 10:17:03,119.18,119.26
2017-04-13 10:17:04,119.18,119.27
2017-04-13 10:17:05,119.18,119.27
2017-04-13 10:17:06,119.18,119.27
2017-04-13 10:17:07,119.18,119.27
2017-04-13 10:17:08,119.18,119.27
2017-04-13 10:17:09,119.18,119.27
2017-04-13 10:17:10,119.18,119.27
2017-04-13 10:17:11,119.18,119.27
2017-04-13 10:17:12,119.18,119.27
2017-04-13 10:17:13,119.18,119.27
2017-04-13 10:17:14,119.18,119.27
2017-04-13 10:17:15,119.18,119.28
2017-04-13 10:17:16,119.18,119.28
2017-04-13 10:17:17,119.19,119.28
2017-04-13 10:17:18,119.19,119.29
2017-04-13 10:17:19,119.19,119.29
2017-04-13 10:17:20,119.19,119.29
2017-04-13 10:17:21,119.2,119.3
2017-04-13 10:17:22,119.2,119.3
2017-04-13 10:17:23,119.2,119.29
2017-04-13 10:17:24,119.22,119.31
2017-04-13 10:17:25,119.22,119.31
2017-04-13 10:17:26,119.22,119.31
2017-04-13 10:17:27,119.22,119.32
2017-04-13 10:17:28,119.23,119.32
2017-04-13 10:17:29,119.23,119.32
2017-04-13 10:17:30,119.23,119.32
2017-04-13 10:17:31,119.23,119.31
2017-04-13 10:17:32,119.23,119.31
2017-04-13 10:17:33,119.23,119.32
2017-04-13 10:17:34,119.23,119.32
2017-04-13 10:17:35,119.23,119.32
2017-04-13 10:17:36,119.23,119.32
2017-04-13 10:17:37,119.23,119.32
2017-04-13 10:17:38,119.23,119.33
2017-04-13 10:17:39,119.23,119.33
2017-04-13 10:17:40,119.23,119.32
2017-04-13 10:17:41,119.23,119.32
2017-04-13 10:17:42,119.23,119.3
2017-04-13 10:17:43,119.23,119.32
2017-04-13 10:17:44,119.23,119.31
2017-04-13 10:17:45,119.23,119.32
2017-04-13 10:17:46,119.23,119.33
2017-04-13 10:17:47,119.23,119.33
2017-04-13 10:17:48,119.23,119.33
2017-04-13 10:17:49,119.25,119.37
2017-04-13 10:17:50,119.25,119.35
2017-04-13 10:17:51,119.25,119.34
2017-04-13 10:17:52,119.25,119.34
2017-04-13 10:17:53,119.25,119.34
2017-04-13 10:17:54,119.23,119.33
2017-04-13 10:17:55,119.23,119.33
2017-04-13 10:17:56,119.23,119.32
2017-04-13 10:17:57,119.23,119.31
2017-04-13 10:17:58,119.23,119.31
2017-04-13 10:17:59,119.23,119.31
2017-04-13 10:18:00,119.23,119.31
2017-04-13 10:18:01,119.23,119.31
2017-04-13 10:18:02,119.23,119.31
2017-04-13 10:18:03,119.23,119.31
2017-04-13 10:18:04,119.23,119.31
2017-04-13 10:18:05,119.23,119.31
2017-04-13 10:18:06,119.23,119.31
2017-04-13 10:18:07,119.23,119.31
2017-04-13 10:18:08,119.22,119.31
2017-04-13 10:18:09,119.22,119.31
2017-04-13 10:18:10,119.22,119.32
2017-04-13 10:18:11,119.22,119.31
2017-04-13 10:18:12,119.22,119.31
2017-04-13 10:18:13,119.22,119.32
2017-04-13 10:18:14,119.22,119.31
2017-04-13 10:18:15,119.22,119.31
2017-04-13 10:18:16,119.22,119.32
2017-04-13 10:18:17,119.22,119.31
2017-04-13 10:18:18,119.22,119.31
2017-04-13 10:18:19,119.22,119.29
2017-04-13 10:18:20,119.22,119.29
2017-04-13 10:18:21,119.22,119.29
2017-04-13 10:18:22,119.22,119.29
2017-04-13 10:18:23,119.2,119.3
2017-04-13 10:18:24,119.2,119.29
2017-04-13 10:18:25,119.2,119.29
2017-04-13 10:18:26,119.2,119.29
2017-04-13 10:18:27,119.2,119.29
2017-04-13 10:18:28,119.2,119.29
2017-04-13 10:18:29,119.2,119.31
2017-04-13 10:18:30,119.2,119.3
2017-04-13 10:18:31,119.2,119.28
2017-04-13 10:18:32,119.2,119.28
2017-04-13 10:18:33,119.2,119.29
2017-04-13 10:18:34,119.2,119.29
2017-04-13 10:18:35,119.2,119.29
2017-04-13 10:18:36,119.2,119.29
2017-04-13 10:18:37,119.2,119.29
2017-04-13 10:18:38,119.21,119.31
2017-04-13 10:18:39,119.21,119.29
2017-04-13 10:18:40,119.21,119.29
2017-04-13 10:18:41,119.21,119.29
2017-04-13 10:18:42,119.21,119.29
2017-04-13 10:18:43,119.22,119.3
2017-04-13 10:18:44,119.22,119.3
2017-04-13 10:18:45,119.22,119.3
2017-04-13 10:18:46,119.22,119.3
2017-04-13 10:18:47,119.22,119.3
2017-04-13 10:18:48,119.22,119.3
2017-04-13 10:18:49,119.22,119.3
2017-04-13 10:18:50,119.22,119.3
2017-04-13 10:18:51,119.22,119.31
2017-04-13 10:18:52,119.23,119.31
2017-04-13 10:18:53,119.23,119.31
2017-04-13 10:18:54,119.23,119.31
2017-04-13 10:18:55,119.23,119.31
2017-04-13 10:18:56,119.23,119.31
2017-04-13 10:18:57,119.24,119.32
2017-04-13 10:18:58,119.24,119.32
2017-04-13 10:18:59,119.24,119.31
2017-04-13 10:19:00,119.24,119.32
2017-04-13 10:19:01,119.24,119.32
2017-04-13 10:19:02,119.24,119.32
2017-04-13 10:19:03,119.24,119.32
2017-04-13 10:19:04,119.24,119.32
2017-04-13 10:19:05,119.24,119.32
2017-04-13 10:19:06,119.24,119.32
2017-04-13 10:19:07,119.24,119.32
2017-04-13 10:19:08,119.24,119.32
2017-04-13 10:19:09,119.24,119.31
2017-04-13 10:19:10,119.24,119.31
2017-04-13 10:19:11,119.24,119.32
2017-04-13 10:19:12,119.25,119.35
2017-04-13 10:19:13,119.25,119.33
2017-04-13 10:19:14,119.25,119.33
2017-04-13 10:19:15,119.25,119.32
