datetime,direct.bid1,direct.ask1
2017-04-13 09:30:00,78.3,78.48
2017-04-13 09:30:01,78.33,78.48
2017-04-13 09:30:02,78.42,78.48
2017-04-13 09:30:03,78.37,78.48
2017-04-13 09:30:04,78.35,78.43
2017-04-13 09:30:05,78.31,78.35
2017-04-13 09:30:06,78.31,78.35
2017-04-13 09:30:07,78.31,78.35
2017-04-13 09:30:08,78.31,78.35
2017-04-13 09:30:09,78.31,78.35
2017-04-13 09:30:10,78.32,78.44
2017-04-13 09:30:11,78.33,78.44
2017-04-13 09:30:12,78.33,78.46
2017-04-13 09:30:13,78.33,78.46
2017-04-13 09:30:14,78.33,78.46
2017-04-13 09:30:15,78.33,78.46
2017-04-13 09:30:16,78.33,78.46
2017-04-13 09:30:17,78.33,78.46
2017-04-13 09:30:18,78.33,78.46
2017-04-13 09:30:19,78.33,78.46
2017-04-13 09:30:20,78.33,78.45
2017-04-13 09:30:21,78.33,78.45
2017-04-13 09:30:22,78.33,78.45
2017-04-13 09:30:23,78.33,78.45
2017-04-13 09:30:24,78.33,78.45
2017-04-13 09:30:25,78.33,78.45
2017-04-13 09:30:26,78.33,78.45
2017-04-13 09:30:27,78.33,78.45
2017-04-13 09:30:28,78.33,78.45
2017-04-13 09:30:29,78.33,78.45
2017-04-13 09:30:30,78.33,78.45
2017-04-13 09:30:31,78.33,78.45
2017-04-13 09:30:32,78.33,78.45
2017-04-13 09:30:33,78.33,78.45
2017-04-13 09:30:34,78.33,78.45
2017-04-13 09:30:35,78.33,78.45
2017-04-13 09:30:36,78.33,78.45
2017-04-13 09:30:37,78.33,78.45
2017-04-13 09:30:38,78.33,78.45
2017-04-13 09:30:39,78.33,78.45
2017-04-13 09:30:40,78.33,78.45
2017-04-13 09:30:41,78.33,78.45
2017-04-13 09:30:42,78.33,78.45
2017-04-13 09:30:43,78.33,78.45
2017-04-13 09:30:44,78.33,78.45
2017-04-13 09:30:45,78.33,78.45
2017-04-13 09:30:46,78.33,78.45
2017-04-13 09:30:47,78.33,78.45
2017-04-13 09:30:48,78.33,78.45
2017-04-13 09:30:49,78.33,78.45
2017-04-13 09:30:50,78.33,78.45
2017-04-13 09:30:51,78.33,78.45
2017-04-13 09:30:52,78.33,78.45
2017-04-13 09:30:53,78.33,78.45
2017-04-13 09:30:54,78.33,78.45
2017-04-13 09:30:55,78.33,78.45
2017-04-13 09:30:56,78.33,78.45
2017-04-13 09:30:57,78.33,78.45
2017-04-13 09:30:58,78.33,78.45
2017-04-13 09:30:59,78.33,78.45
2017-04-13 09:31:00,78.33,78.45
2017-04-13 09:31:01,78.34,78.45
2017-04-13 09:31:02,78.32,78.36
2017-04-13 09:31:03,78.32,78.36
2017-04-13 09:31:04,78.32,78.36
2017-04-13 09:31:05,78.32,78.36
2017-04-13 09:31:06,78.33,78.36
2017-04-13 09:31:07,78.33,78.36
2017-04-13 09:31:08,78.33,78.36
2017-04-13 09:31:09,78.33,78.36
2017-04-13 09:31:10,78.33,78.36
2017-04-13 09:31:11,78.33,78.36
2017-04-13 09:31:12,78.33,78.36
2017-04-13 09:31:13,78.33,78.36
2017-04-13 09:31:14,78.34,78.38
2017-04-13 09:31:15,78.34,78.38
2017-04-13 09:31:16,78.34,78.38
2017-04-13 09:31:17,78.34,78.38
2017-04-13 09:31:18,78.34,78.38
2017-04-13 09:31:19,78.34,78.38
2017-04-13 09:31:20,78.34,78.38
2017-04-13 09:31:21,78.34,78.37
2017-04-13 09:31:22,78.34,78.37
2017-04-13 09:31:23,78.34,78.39
2017-04-13 09:31:24,78.34,78.39
2017-04-13 09:31:25,78.34,78.39
2017-04-13 09:31:26,78.34,78.39
2017-04-13 09:31:27,78.34,78.4
2017-04-13 09:31:28,78.34,78.4
2017-04-13 09:31:29,78.34,78.4
2017-04-13 09:31:30,78.35,78.41
2017-04-13 09:31:31,78.35,78.42
2017-04-13 09:31:32,78.37,78.45
2017-04-13 09:31:33,78.37,78.45
2017-04-13 09:31:34,78.37,78.45
2017-04-13 09:31:35,78.37,78.45
2017-04-13 09:31:36,78.37,78.45
2017-04-13 09:31:37,78.37,78.45
2017-04-13 09:31:38,78.37,78.45
2017-04-13 09:31:39,78.37,78.45
2017-04-13 09:31:40,78.37,78.45
2017-04-13 09:31:41,78.37,78.45
2017-04-13 09:31:42,78.37,78.45
2017-04-13 09:31:43,78.37,78.45
2017-04-13 09:31:44,78.37,78.45
2017-04-13 09:31:45,78.37,78.45
2017-04-13 09:31:46,78.37,78.45
2017-04-13 09:31:47,78.37,78.45
2017-04-13 09:31:48,78.37,78.45
2017-04-13 09:31:49,78.37,78.45
2017-04-13 09:31:50,78.37,78.45
2017-04-13 09:31:51,78.38,78.45
2017-04-13 09:31:52,78.38,78.45
2017-04-13 09:31:53,78.39,78.45
2017-04-13 09:31:54,78.39,78.45
2017-04-13 09:31:55,78.39,78.45
2017-04-13 09:31:56,78.39,78.45
2017-04-13 09:31:57,78.39,78.45
2017-04-13 09:31:58,78.39,78.45
2017-04-13 09:31:59,78.41,78.48
2017-04-13 09:32:00,78.42,78.48
2017-04-13 09:32:01,78.42,78.48
2017-04-13 09:32:02,78.42,78.48
2017-04-13 09:32:03,78.42,78.48
2017-04-13 09:32:04,78.42,78.48
2017-04-13 09:32:05,78.42,78.48
2017-04-13 09:32:06,78.42,78.48
2017-04-13 09:32:07,78.42,78.48
2017-04-13 09:32:08,78.42,78.48
2017-04-13 09:32:09,78.42,78.48
2017-04-13 09:32:10,78.42,78.48
2017-04-13 09:32:11,78.42,78.48
2017-04-13 09:32:12,78.42,78.48
2017-04-13 09:32:13,78.43,78.49
2017-04-13 09:32:14,78.43,78.49
2017-04-13 09:32:15,78.43,78.49
2017-04-13 09:32:16,78.43,78.49
2017-04-13 09:32:17,78.43,78.49
2017-04-13 09:32:18,78.43,78.49
2017-04-13 09:32:19,78.43,78.49
2017-04-13 09:32:20,78.43,78.49
2017-04-13 09:32:21,78.43,78.49
2017-04-13 09:32:22,78.43,78.49
2017-04-13 09:32:23,78.43,78.49
2017-04-13 09:32:24,78.43,78.49
2017-04-13 09:32:25,78.43,78.49
2017-04-13 09:32:26,78.43,78.49
2017-04-13 09:32:27,78.43,78.49
2017-04-13 09:32:28,78.43,78.49
2017-04-13 09:32:29,78.43,78.49
2017-04-13 09:32:30,78.43,78.49
2017-04-13 09:32:31,78.43,78.49
2017-04-13 09:32:32,78.43,78.49
2017-04-13 09:32:33,78.44,78.5
2017-04-13 09:32:34,78.44,78.5
2017-04-13 09:32:35,78.44,78.5
2017-04-13 09:32:36,78.44,78.5
2017-04-13 09:32:37,78.44,78.5
2017-04-13 09:32:38,78.44,78.5
2017-04-13 09:32:39,78.44,78.5
2017-04-13 09:32:40,78.44,78.5
2017-04-13 09:32:41,78.44,78.5
2017-04-13 09:32:42,78.44,78.5
2017-04-13 09:32:43,78.44,78.5
2017-04-13 09:32:44,78.45,78.5
2017-04-13 09:32:45,78.45,78.5
2017-04-13 09:32:46,78.45,78.5
2017-04-13 09:32:47,78.45,78.5
2017-04-13 09:32:48,78.45,78.5
2017-04-13 09:32:49,78.45,78.5
2017-04-13 09:32:50,78.45,78.5
2017-04-13 09:32:51,78.45,78.49
2017-04-13 09:32:52,78.41,78.48
2017-04-13 09:32:53,78.41,78.49
2017-04-13 09:32:54,78.41,78.49
2017-04-13 09:32:55,78.41,78.49
2017-04-13 09:32:56,78.41,78.49
2017-04-13 09:32:57,78.41,78.49
2017-04-13 09:32:58,78.41,78.49
2017-04-13 09:32:59,78.41,78.49
2017-04-13 09:33:00,78.41,78.49
2017-04-13 09:33:01,78.41,78.49
2017-04-13 09:33:02,78.41,78.49
2017-04-13 09:33:03,78.41,78.49
2017-04-13 09:33:04,78.41,78.49
2017-04-13 09:33:05,78.41,78.49
2017-04-13 09:33:06,78.41,78.49
2017-04-13 09:33:07,78.41,78.49
2017-04-13 09:33:08,78.41,78.49
2017-04-13 09:33:09,78.41,78.49
2017-04-13 09:33:10,78.41,78.49
2017-04-13 09:33:11,78.41,78.49
2017-04-13 09:33:12,78.41,78.49
2017-04-13 09:33:13,78.41,78.49
2017-04-13 09:33:14,78.41,78.49
2017-04-13 09:33:15,78.41,78.49
2017-04-13 09:33:16,78.41,78.49
2017-04-13 09:33:17,78.41,78.49
2017-04-13 09:33:18,78.41,78.49
2017-04-13 09:33:19,78.41,78.49
2017-04-13 09:33:20,78.41,78.49
2017-04-13 09:33:21,78.41,78.49
2017-04-13 09:33:22,78.41,78.49
2017-04-13 09:33:23,78.41,78.49
2017-04-13 09:33:24,78.41,78.49
2017-04-13 09:33:25,78.42,78.49
2017-04-13 09:33:26,78.42,78.49
2017-04-13 09:33:27,78.42,78.49
2017-04-13 09:33:28,78.42,78.49
2017-04-13 09:33:29,78.42,78.49
2017-04-13 09:33:30,78.42,78.49
2017-04-13 09:33:31,78.38,78.43
2017-04-13 09:33:32,78.38,78.45
2017-04-13 09:33:33,78.38,78.45
2017-04-13 09:33:34,78.38,78.45
2017-04-13 09:33:35,78.38,78.45
2017-04-13 09:33:36,78.38,78.45
2017-04-13 09:33:37,78.38,78.45
2017-04-13 09:33:38,78.38,78.45
2017-04-13 09:33:39,78.38,78.45
2017-04-13 09:33:40,78.38,78.45
2017-04-13 09:33:41,78.38,78.45
2017-04-13 09:33:42,78.3,78.35
2017-04-13 09:33:43,78.3,78.35
2017-04-13 09:33:44,78.3,78.35
2017-04-13 09:33:45,78.3,78.35
2017-04-13 09:33:46,78.3,78.35
2017-04-13 09:33:47,78.3,78.35
2017-04-13 09:33:48,78.3,78.35
2017-04-13 09:33:49,78.3,78.35
2017-04-13 09:33:50,78.3,78.35
2017-04-13 09:33:51,78.3,78.35
2017-04-13 09:33:52,78.3,78.35
2017-04-13 09:33:53,78.3,78.35
2017-04-13 09:33:54,78.3,78.35
2017-04-13 09:33:55,78.29,78.35
2017-04-13 09:33:56,78.29,78.34
2017-04-13 09:33:57,78.29,78.34
2017-04-13 09:33:58,78.29,78.34
2017-04-13 09:33:59,78.29,78.34
2017-04-13 09:34:00,78.29,78.34
2017-04-13 09:34:01,78.29,78.34
2017-04-13 09:34:02,78.32,78.34
2017-04-13 09:34:03,78.32,78.35
2017-04-13 09:34:04,78.32,78.35
2017-04-13 09:34:05,78.32,78.36
2017-04-13 09:34:06,78.32,78.37
2017-04-13 09:34:07,78.32,78.37
2017-04-13 09:34:08,78.31,78.34
2017-04-13 09:34:09,78.31,78.37
2017-04-13 09:34:10,78.31,78.37
2017-04-13 09:34:11,78.31,78.37
2017-04-13 09:34:12,78.31,78.37
2017-04-13 09:34:13,78.31,78.37
2017-04-13 09:34:14,78.31,78.37
2017-04-13 09:34:15,78.31,78.37
2017-04-13 09:34:16,78.34,78.4
2017-04-13 09:34:17,78.34,78.4
2017-04-13 09:34:18,78.34,78.4
2017-04-13 09:34:19,78.34,78.44
2017-04-13 09:34:20,78.34,78.43
2017-04-13 09:34:21,78.34,78.43
2017-04-13 09:34:22,78.34,78.43
2017-04-13 09:34:23,78.34,78.43
2017-04-13 09:34:24,78.34,78.43
2017-04-13 09:34:25,78.34,78.43
2017-04-13 09:34:26,78.34,78.44
2017-04-13 09:34:27,78.35,78.44
2017-04-13 09:34:28,78.35,78.44
2017-04-13 09:34:29,78.35,78.44
2017-04-13 09:34:30,78.35,78.44
2017-04-13 09:34:31,78.35,78.44
2017-04-13 09:34:32,78.35,78.44
2017-04-13 09:34:33,78.35,78.44
2017-04-13 09:34:34,78.35,78.44
2017-04-13 09:34:35,78.35,78.44
2017-04-13 09:34:36,78.35,78.44
2017-04-13 09:34:37,78.35,78.45
2017-04-13 09:34:38,78.35,78.46
2017-04-13 09:34:39,78.35,78.46
2017-04-13 09:34:40,78.35,78.49
2017-04-13 09:34:41,78.36,78.49
2017-04-13 09:34:42,78.36,78.49
2017-04-13 09:34:43,78.36,78.49
2017-04-13 09:34:44,78.36,78.49
2017-04-13 09:34:45,78.36,78.49
2017-04-13 09:34:46,78.36,78.49
2017-04-13 09:34:47,78.36,78.49
2017-04-13 09:34:48,78.36,78.49
2017-04-13 09:34:49,78.36,78.49
2017-04-13 09:34:50,78.36,78.49
2017-04-13 09:34:51,78.36,78.48
2017-04-13 09:34:52,78.36,78.48
2017-04-13 09:34:53,78.37,78.48
2017-04-13 09:34:54,78.37,78.48
2017-04-13 09:34:55,78.37,78.48
2017-04-13 09:34:56,78.37,78.48
2017-04-13 09:34:57,78.37,78.48
2017-04-13 09:34:58,78.38,78.48
2017-04-13 09:34:59,78.38,78.48
2017-04-13 09:35:00,78.38,78.48
2017-04-13 09:35:01,78.38,78.48
2017-04-13 09:35:02,78.39,78.48
2017-04-13 09:35:03,78.39,78.48
2017-04-13 09:35:04,78.39,78.48
2017-04-13 09:35:05,78.39,78.48
2017-04-13 09:35:06,78.39,78.48
2017-04-13 09:35:07,78.39,78.48
2017-04-13 09:35:08,78.39,78.48
2017-04-13 09:35:09,78.39,78.48
2017-04-13 09:35:10,78.39,78.48
2017-04-13 09:35:11,78.39,78.48
2017-04-13 09:35:12,78.39,78.48
2017-04-13 09:35:13,78.39,78.48
2017-04-13 09:35:14,78.4,78.48
2017-04-13 09:35:15,78.4,78.48
2017-04-13 09:35:16,78.41,78.48
2017-04-13 09:35:17,78.41,78.48
2017-04-13 09:35:18,78.41,78.49
2017-04-13 09:35:19,78.41,78.49
2017-04-13 09:35:20,78.41,78.49
2017-04-13 09:35:21,78.41,78.49
2017-04-13 09:35:22,78.41,78.49
2017-04-13 09:35:23,78.42,78.49
2017-04-13 09:35:24,78.42,78.49
2017-04-13 09:35:25,78.42,78.49
2017-04-13 09:35:26,78.42,78.49
2017-04-13 09:35:27,78.42,78.49
2017-04-13 09:35:28,78.42,78.49
2017-04-13 09:35:29,78.42,78.49
2017-04-13 09:35:30,78.42,78.49
2017-04-13 09:35:31,78.42,78.49
2017-04-13 09:35:32,78.39,78.41
2017-04-13 09:35:33,78.39,78.41
2017-04-13 09:35:34,78.39,78.41
2017-04-13 09:35:35,78.39,78.41
2017-04-13 09:35:36,78.39,78.41
2017-04-13 09:35:37,78.41,78.45
2017-04-13 09:35:38,78.41,78.42
2017-04-13 09:35:39,78.39,78.42
2017-04-13 09:35:40,78.39,78.42
2017-04-13 09:35:41,78.39,78.41
2017-04-13 09:35:42,78.38,78.4
2017-04-13 09:35:43,78.39,78.4
2017-04-13 09:35:44,78.39,78.4
2017-04-13 09:35:45,78.4,78.42
2017-04-13 09:35:46,78.4,78.42
2017-04-13 09:35:47,78.4,78.42
2017-04-13 09:35:48,78.4,78.42
2017-04-13 09:35:49,78.4,78.42
2017-04-13 09:35:50,78.4,78.42
2017-04-13 09:35:51,78.41,78.43
2017-04-13 09:35:52,78.41,78.43
2017-04-13 09:35:53,78.41,78.43
2017-04-13 09:35:54,78.41,78.43
2017-04-13 09:35:55,78.41,78.43
2017-04-13 09:35:56,78.42,78.45
2017-04-13 09:35:57,78.42,78.45
2017-04-13 09:35:58,78.42,78.45
2017-04-13 09:35:59,78.42,78.45
2017-04-13 09:36:00,78.42,78.45
2017-04-13 09:36:01,78.43,78.46
2017-04-13 09:36:02,78.43,78.46
2017-04-13 09:36:03,78.43,78.46
2017-04-13 09:36:04,78.43,78.46
2017-04-13 09:36:05,78.43,78.46
2017-04-13 09:36:06,78.43,78.46
2017-04-13 09:36:07,78.43,78.46
2017-04-13 09:36:08,78.43,78.46
2017-04-13 09:36:09,78.43,78.46
2017-04-13 09:36:10,78.43,78.46
2017-04-13 09:36:11,78.43,78.46
2017-04-13 09:36:12,78.43,78.46
2017-04-13 09:36:13,78.43,78.46
2017-04-13 09:36:14,78.43,78.46
2017-04-13 09:36:15,78.43,78.46
2017-04-13 09:36:16,78.43,78.46
2017-04-13 09:36:17,78.43,78.46
2017-04-13 09:36:18,78.41,78.43
2017-04-13 09:36:19,78.4,78.41
2017-04-13 09:36:20,78.39,78.41
2017-04-13 09:36:21,78.39,78.41
2017-04-13 09:36:22,78.39,78.41
2017-04-13 09:36:23,78.39,78.42
2017-04-13 09:36:24,78.4,78.46
2017-04-13 09:36:25,78.4,78.46
2017-04-13 09:36:26,78.4,78.46
2017-04-13 09:36:27,78.41,78.46
2017-04-13 09:36:28,78.41,78.46
2017-04-13 09:36:29,78.41,78.46
2017-04-13 09:36:30,78.41,78.46
2017-04-13 09:36:31,78.41,78.46
2017-04-13 09:36:32,78.41,78.46
2017-04-13 09:36:33,78.41,78.46
2017-04-13 09:36:34,78.41,78.46
2017-04-13 09:36:35,78.41,78.46
2017-04-13 09:36:36,78.41,78.46
2017-04-13 09:36:37,78.41,78.46
2017-04-13 09:36:38,78.41,78.46
2017-04-13 09:36:39,78.41,78.46
2017-04-13 09:36:40,78.41,78.46
2017-04-13 09:36:41,78.41,78.46
2017-04-13 09:36:42,78.41,78.46
2017-04-13 09:36:43,78.41,78.46
2017-04-13 09:36:44,78.41,78.46
2017-04-13 09:36:45,78.42,78.45
2017-04-13 09:36:46,78.42,78.45
2017-04-13 09:36:47,78.43,78.45
2017-04-13 09:36:48,78.43,78.45
2017-04-13 09:36:49,78.43,78.45
2017-04-13 09:36:50,78.43,78.45
2017-04-13 09:36:51,78.43,78.45
2017-04-13 09:36:52,78.42,78.45
2017-04-13 09:36:53,78.42,78.43
2017-04-13 09:36:54,78.42,78.45
2017-04-13 09:36:55,78.42,78.45
2017-04-13 09:36:56,78.42,78.45
2017-04-13 09:36:57,78.42,78.45
2017-04-13 09:36:58,78.42,78.45
2017-04-13 09:36:59,78.42,78.45
2017-04-13 09:37:00,78.42,78.45
2017-04-13 09:37:01,78.42,78.45
2017-04-13 09:37:02,78.42,78.45
2017-04-13 09:37:03,78.42,78.45
2017-04-13 09:37:04,78.42,78.45
2017-04-13 09:37:05,78.42,78.45
2017-04-13 09:37:06,78.45,78.47
2017-04-13 09:37:07,78.45,78.47
2017-04-13 09:37:08,78.45,78.47
2017-04-13 09:37:09,78.45,78.47
2017-04-13 09:37:10,78.45,78.47
2017-04-13 09:37:11,78.45,78.47
2017-04-13 09:37:12,78.44,78.46
2017-04-13 09:37:13,78.44,78.46
2017-04-13 09:37:14,78.49,78.5
2017-04-13 09:37:15,78.5,78.52
2017-04-13 09:37:16,78.51,78.54
2017-04-13 09:37:17,78.51,78.54
2017-04-13 09:37:18,78.52,78.56
2017-04-13 09:37:19,78.55,78.57
2017-04-13 09:37:20,78.56,78.58
2017-04-13 09:37:21,78.56,78.57
2017-04-13 09:37:22,78.57,78.6
2017-04-13 09:37:23,78.57,78.6
2017-04-13 09:37:24,78.55,78.58
2017-04-13 09:37:25,78.55,78.58
2017-04-13 09:37:26,78.55,78.58
2017-04-13 09:37:27,78.55,78.58
2017-04-13 09:37:28,78.55,78.58
2017-04-13 09:37:29,78.55,78.58
2017-04-13 09:37:30,78.55,78.58
2017-04-13 09:37:31,78.55,78.58
2017-04-13 09:37:32,78.55,78.58
2017-04-13 09:37:33,78.55,78.58
2017-04-13 09:37:34,78.55,78.58
2017-04-13 09:37:35,78.55,78.58
2017-04-13 09:37:36,78.55,78.58
2017-04-13 09:37:37,78.55,78.58
2017-04-13 09:37:38,78.55,78.58
2017-04-13 09:37:39,78.55,78.58
2017-04-13 09:37:40,78.55,78.58
2017-04-13 09:37:41,78.55,78.58
2017-04-13 09:37:42,78.55,78.58
2017-04-13 09:37:43,78.55,78.58
2017-04-13 09:37:44,78.55,78.58
2017-04-13 09:37:45,78.55,78.58
2017-04-13 09:37:46,78.55,78.58
2017-04-13 09:37:47,78.55,78.58
2017-04-13 09:37:48,78.55,78.58
2017-04-13 09:37:49,78.55,78.58
2017-04-13 09:37:50,78.55,78.58
2017-04-13 09:37:51,78.55,78.58
2017-04-13 09:37:52,78.56,78.58
2017-04-13 09:37:53,78.56,78.58
2017-04-13 09:37:54,78.56,78.58
2017-04-13 09:37:55,78.56,78.58
2017-04-13 09:37:56,78.56,78.58
2017-04-13 09:37:57,78.56,78.58
2017-04-13 09:37:58,78.56,78.58
2017-04-13 09:37:59,78.56,78.58
2017-04-13 09:38:00,78.56,78.58
2017-04-13 09:38:01,78.55,78.57
2017-04-13 09:38:02,78.55,78.57
2017-04-13 09:38:03,78.55,78.57
2017-04-13 09:38:04,78.55,78.57
2017-04-13 09:38:05,78.55,78.57
2017-04-13 09:38:06,78.53,78.56
2017-04-13 09:38:07,78.53,78.56
2017-04-13 09:38:08,78.53,78.56
2017-04-13 09:38:09,78.53,78.56
2017-04-13 09:38:10,78.53,78.56
2017-04-13 09:38:11,78.52,78.56
2017-04-13 09:38:12,78.53,78.56
2017-04-13 09:38:13,78.53,78.56
2017-04-13 09:38:14,78.53,78.56
2017-04-13 09:38:15,78.53,78.56
2017-04-13 09:38:16,78.55,78.57
2017-04-13 09:38:17,78.55,78.57
2017-04-13 09:38:18,78.55,78.58
2017-04-13 09:38:19,78.55,78.58
2017-04-13 09:38:20,78.55,78.59
2017-04-13 09:38:21,78.55,78.59
2017-04-13 09:38:22,78.55,78.59
2017-04-13 09:38:23,78.55,78.59
2017-04-13 09:38:24,78.55,78.59
2017-04-13 09:38:25,78.55,78.58
2017-04-13 09:38:26,78.55,78.58
2017-04-13 09:38:27,78.55,78.58
2017-04-13 09:38:28,78.57,78.6
2017-04-13 09:38:29,78.57,78.6
2017-04-13 09:38:30,78.57,78.6
2017-04-13 09:38:31,78.57,78.6
2017-04-13 09:38:32,78.57,78.6
2017-04-13 09:38:33,78.57,78.6
2017-04-13 09:38:34,78.57,78.6
2017-04-13 09:38:35,78.57,78.6
2017-04-13 09:38:36,78.57,78.6
2017-04-13 09:38:37,78.57,78.6
2017-04-13 09:38:38,78.57,78.6
2017-04-13 09:38:39,78.57,78.6
2017-04-13 09:38:40,78.57,78.6
2017-04-13 09:38:41,78.57,78.6
2017-04-13 09:38:42,78.57,78.6
2017-04-13 09:38:43,78.57,78.6
2017-04-13 09:38:44,78.57,78.6
2017-04-13 09:38:45,78.57,78.6
2017-04-13 09:38:46,78.57,78.6
2017-04-13 09:38:47,78.57,78.6
2017-04-13 09:38:48,78.57,78.6
2017-04-13 09:38:49,78.57,78.6
2017-04-13 09:38:50,78.61,78.64
2017-04-13 09:38:51,78.64,78.69
2017-04-13 09:38:52,78.64,78.69
2017-04-13 09:38:53,78.64,78.69
2017-04-13 09:38:54,78.64,78.69
2017-04-13 09:38:55,78.64,78.69
2017-04-13 09:38:56,78.69,78.74
2017-04-13 09:38:57,78.7,78.73
2017-04-13 09:38:58,78.68,78.72
2017-04-13 09:38:59,78.67,78.72
2017-04-13 09:39:00,78.67,78.72
2017-04-13 09:39:01,78.67,78.72
2017-04-13 09:39:02,78.67,78.72
2017-04-13 09:39:03,78.67,78.72
2017-04-13 09:39:04,78.67,78.72
2017-04-13 09:39:05,78.67,78.72
2017-04-13 09:39:06,78.67,78.72
2017-04-13 09:39:07,78.67,78.72
2017-04-13 09:39:08,78.67,78.72
2017-04-13 09:39:09,78.67,78.72
2017-04-13 09:39:10,78.67,78.72
2017-04-13 09:39:11,78.67,78.72
2017-04-13 09:39:12,78.67,78.72
2017-04-13 09:39:13,78.67,78.72
2017-04-13 09:39:14,78.67,78.72
2017-04-13 09:39:15,78.67,78.72
2017-04-13 09:39:16,78.67,78.72
2017-04-13 09:39:17,78.67,78.72
2017-04-13 09:39:18,78.67,78.72
2017-04-13 09:39:19,78.67,78.72
2017-04-13 09:39:20,78.67,78.72
2017-04-13 09:39:21,78.67,78.7
2017-04-13 09:39:22,78.67,78.7
2017-04-13 09:39:23,78.67,78.7
2017-04-13 09:39:24,78.67,78.7
2017-04-13 09:39:25,78.67,78.7
2017-04-13 09:39:26,78.67,78.7
2017-04-13 09:39:27,78.67,78.7
2017-04-13 09:39:28,78.67,78.7
2017-04-13 09:39:29,78.67,78.7
2017-04-13 09:39:30,78.67,78.7
2017-04-13 09:39:31,78.68,78.69
2017-04-13 09:39:32,78.68,78.7
2017-04-13 09:39:33,78.68,78.7
2017-04-13 09:39:34,78.69,78.7
2017-04-13 09:39:35,78.7,78.72
2017-04-13 09:39:36,78.7,78.72
2017-04-13 09:39:37,78.69,78.72
2017-04-13 09:39:38,78.68,78.69
2017-04-13 09:39:39,78.69,78.72
2017-04-13 09:39:40,78.68,78.72
2017-04-13 09:39:41,78.68,78.72
2017-04-13 09:39:42,78.68,78.72
2017-04-13 09:39:43,78.68,78.72
2017-04-13 09:39:44,78.68,78.72
2017-04-13 09:39:45,78.68,78.72
2017-04-13 09:39:46,78.68,78.72
2017-04-13 09:39:47,78.68,78.72
2017-04-13 09:39:48,78.68,78.72
2017-04-13 09:39:49,78.68,78.72
2017-04-13 09:39:50,78.68,78.72
2017-04-13 09:39:51,78.68,78.72
2017-04-13 09:39:52,78.68,78.72
2017-04-13 09:39:53,78.68,78.72
2017-04-13 09:39:54,78.68,78.72
2017-04-13 09:39:55,78.68,78.72
2017-04-13 09:39:56,78.68,78.72
2017-04-13 09:39:57,78.68,78.72
2017-04-13 09:39:58,78.68,78.72
2017-04-13 09:39:59,78.68,78.72
2017-04-13 09:40:00,78.68,78.72
2017-04-13 09:40:01,78.68,78.72
2017-04-13 09:40:02,78.68,78.72
2017-04-13 09:40:03,78.66,78.68
2017-04-13 09:40:04,78.66,78.67
2017-04-13 09:40:05,78.67,78.7
2017-04-13 09:40:06,78.67,78.7
2017-04-13 09:40:07,78.67,78.7
2017-04-13 09:40:08,78.67,78.69
2017-04-13 09:40:09,78.68,78.69
2017-04-13 09:40:10,78.66,78.68
2017-04-13 09:40:11,78.66,78.68
2017-04-13 09:40:12,78.66,78.68
2017-04-13 09:40:13,78.62,78.65
2017-04-13 09:40:14,78.62,78.66
2017-04-13 09:40:15,78.62,78.66
2017-04-13 09:40:16,78.62,78.66
2017-04-13 09:40:17,78.64,78.67
2017-04-13 09:40:18,78.64,78.67
2017-04-13 09:40:19,78.64,78.67
2017-04-13 09:40:20,78.64,78.67
2017-04-13 09:40:21,78.64,78.67
2017-04-13 09:40:22,78.64,78.67
2017-04-13 09:40:23,78.64,78.67
2017-04-13 09:40:24,78.64,78.67
2017-04-13 09:40:25,78.64,78.67
2017-04-13 09:40:26,78.64,78.67
2017-04-13 09:40:27,78.64,78.67
2017-04-13 09:40:28,78.64,78.67
2017-04-13 09:40:29,78.64,78.67
2017-04-13 09:40:30,78.64,78.67
2017-04-13 09:40:31,78.66,78.68
2017-04-13 09:40:32,78.64,78.68
2017-04-13 09:40:33,78.64,78.68
2017-04-13 09:40:34,78.64,78.68
2017-04-13 09:40:35,78.65,78.68
2017-04-13 09:40:36,78.65,78.68
2017-04-13 09:40:37,78.64,78.66
2017-04-13 09:40:38,78.64,78.66
2017-04-13 09:40:39,78.64,78.66
2017-04-13 09:40:40,78.64,78.66
2017-04-13 09:40:41,78.64,78.66
2017-04-13 09:40:42,78.64,78.66
2017-04-13 09:40:43,78.64,78.66
2017-04-13 09:40:44,78.64,78.66
2017-04-13 09:40:45,78.65,78.66
2017-04-13 09:40:46,78.65,78.68
2017-04-13 09:40:47,78.65,78.68
2017-04-13 09:40:48,78.65,78.68
2017-04-13 09:40:49,78.65,78.68
2017-04-13 09:40:50,78.65,78.68
2017-04-13 09:40:51,78.65,78.68
2017-04-13 09:40:52,78.65,78.68
2017-04-13 09:40:53,78.65,78.68
2017-04-13 09:40:54,78.65,78.68
2017-04-13 09:40:55,78.65,78.68
2017-04-13 09:40:56,78.65,78.68
2017-04-13 09:40:57,78.65,78.69
2017-04-13 09:40:58,78.65,78.69
2017-04-13 09:40:59,78.65,78.68
2017-04-13 09:41:00,78.65,78.68
2017-04-13 09:41:01,78.65,78.68
2017-04-13 09:41:02,78.65,78.68
2017-04-13 09:41:03,78.65,78.68
2017-04-13 09:41:04,78.65,78.68
2017-04-13 09:41:05,78.65,78.68
2017-04-13 09:41:06,78.65,78.68
2017-04-13 09:41:07,78.65,78.68
2017-04-13 09:41:08,78.7,78.73
2017-04-13 09:41:09,78.7,78.73
2017-04-13 09:41:10,78.7,78.73
2017-04-13 09:41:11,78.7,78.73
2017-04-13 09:41:12,78.7,78.73
2017-04-13 09:41:13,78.71,78.73
2017-04-13 09:41:14,78.71,78.77
2017-04-13 09:41:15,78.71,78.77
2017-04-13 09:41:16,78.71,78.77
2017-04-13 09:41:17,78.71,78.77
2017-04-13 09:41:18,78.71,78.77
2017-04-13 09:41:19,78.71,78.77
2017-04-13 09:41:20,78.71,78.77
2017-04-13 09:41:21,78.71,78.77
2017-04-13 09:41:22,78.71,78.77
2017-04-13 09:41:23,78.71,78.77
2017-04-13 09:41:24,78.71,78.77
2017-04-13 09:41:25,78.71,78.77
2017-04-13 09:41:26,78.71,78.77
2017-04-13 09:41:27,78.73,78.74
2017-04-13 09:41:28,78.73,78.74
2017-04-13 09:41:29,78.72,78.73
2017-04-13 09:41:30,78.72,78.73
2017-04-13 09:41:31,78.72,78.73
2017-04-13 09:41:32,78.72,78.73
2017-04-13 09:41:33,78.71,78.73
2017-04-13 09:41:34,78.71,78.73
2017-04-13 09:41:35,78.71,78.73
2017-04-13 09:41:36,78.71,78.73
2017-04-13 09:41:37,78.71,78.73
2017-04-13 09:41:38,78.71,78.73
2017-04-13 09:41:39,78.71,78.73
2017-04-13 09:41:40,78.7,78.72
2017-04-13 09:41:41,78.71,78.74
2017-04-13 09:41:42,78.71,78.75
2017-04-13 09:41:43,78.71,78.74
2017-04-13 09:41:44,78.71,78.74
2017-04-13 09:41:45,78.71,78.74
2017-04-13 09:41:46,78.72,78.74
2017-04-13 09:41:47,78.72,78.74
2017-04-13 09:41:48,78.72,78.74
2017-04-13 09:41:49,78.72,78.74
2017-04-13 09:41:50,78.72,78.74
2017-04-13 09:41:51,78.72,78.74
2017-04-13 09:41:52,78.72,78.74
2017-04-13 09:41:53,78.72,78.74
2017-04-13 09:41:54,78.72,78.74
2017-04-13 09:41:55,78.72,78.74
2017-04-13 09:41:56,78.72,78.74
2017-04-13 09:41:57,78.74,78.77
2017-04-13 09:41:58,78.73,78.76
2017-04-13 09:41:59,78.73,78.76
2017-04-13 09:42:00,78.73,78.76
2017-04-13 09:42:01,78.73,78.76
2017-04-13 09:42:02,78.73,78.76
2017-04-13 09:42:03,78.7,78.71
2017-04-13 09:42:04,78.7,78.71
2017-04-13 09:42:05,78.7,78.71
2017-04-13 09:42:06,78.7,78.71
2017-04-13 09:42:07,78.7,78.71
2017-04-13 09:42:08,78.7,78.71
2017-04-13 09:42:09,78.72,78.75
2017-04-13 09:42:10,78.72,78.75
2017-04-13 09:42:11,78.75,78.77
2017-04-13 09:42:12,78.75,78.77
2017-04-13 09:42:13,78.75,78.77
2017-04-13 09:42:14,78.75,78.77
2017-04-13 09:42:15,78.74,78.76
2017-04-13 09:42:16,78.74,78.76
2017-04-13 09:42:17,78.74,78.76
2017-04-13 09:42:18,78.74,78.76
2017-04-13 09:42:19,78.76,78.78
2017-04-13 09:42:20,78.76,78.78
2017-04-13 09:42:21,78.75,78.77
2017-04-13 09:42:22,78.74,78.78
2017-04-13 09:42:23,78.74,78.78
2017-04-13 09:42:24,78.74,78.78
2017-04-13 09:42:25,78.74,78.78
2017-04-13 09:42:26,78.74,78.78
2017-04-13 09:42:27,78.74,78.78
2017-04-13 09:42:28,78.74,78.78
2017-04-13 09:42:29,78.74,78.78
2017-04-13 09:42:30,78.74,78.78
2017-04-13 09:42:31,78.74,78.78
2017-04-13 09:42:32,78.74,78.78
2017-04-13 09:42:33,78.74,78.78
2017-04-13 09:42:34,78.74,78.78
2017-04-13 09:42:35,78.74,78.78
2017-04-13 09:42:36,78.74,78.78
2017-04-13 09:42:37,78.74,78.78
2017-04-13 09:42:38,78.74,78.78
2017-04-13 09:42:39,78.74,78.78
2017-04-13 09:42:40,78.74,78.77
2017-04-13 09:42:41,78.71,78.73
2017-04-13 09:42:42,78.71,78.75
2017-04-13 09:42:43,78.71,78.75
2017-04-13 09:42:44,78.71,78.74
2017-04-13 09:42:45,78.71,78.74
2017-04-13 09:42:46,78.71,78.73
2017-04-13 09:42:47,78.72,78.75
2017-04-13 09:42:48,78.72,78.75
2017-04-13 09:42:49,78.72,78.75
2017-04-13 09:42:50,78.72,78.75
2017-04-13 09:42:51,78.7,78.73
2017-04-13 09:42:52,78.7,78.74
2017-04-13 09:42:53,78.7,78.74
2017-04-13 09:42:54,78.7,78.73
2017-04-13 09:42:55,78.7,78.73
2017-04-13 09:42:56,78.7,78.73
2017-04-13 09:42:57,78.7,78.73
2017-04-13 09:42:58,78.71,78.73
2017-04-13 09:42:59,78.71,78.73
2017-04-13 09:43:00,78.71,78.73
2017-04-13 09:43:01,78.72,78.76
2017-04-13 09:43:02,78.72,78.76
2017-04-13 09:43:03,78.72,78.76
2017-04-13 09:43:04,78.72,78.77
2017-04-13 09:43:05,78.72,78.77
2017-04-13 09:43:06,78.72,78.77
2017-04-13 09:43:07,78.72,78.77
2017-04-13 09:43:08,78.72,78.77
2017-04-13 09:43:09,78.72,78.77
2017-04-13 09:43:10,78.72,78.77
2017-04-13 09:43:11,78.72,78.77
2017-04-13 09:43:12,78.72,78.77
2017-04-13 09:43:13,78.72,78.75
2017-04-13 09:43:14,78.71,78.74
2017-04-13 09:43:15,78.71,78.74
2017-04-13 09:43:16,78.71,78.74
2017-04-13 09:43:17,78.71,78.74
2017-04-13 09:43:18,78.71,78.74
2017-04-13 09:43:19,78.71,78.74
2017-04-13 09:43:20,78.71,78.74
2017-04-13 09:43:21,78.71,78.74
2017-04-13 09:43:22,78.71,78.74
2017-04-13 09:43:23,78.69,78.72
2017-04-13 09:43:24,78.69,78.71
2017-04-13 09:43:25,78.69,78.71
2017-04-13 09:43:26,78.69,78.71
2017-04-13 09:43:27,78.69,78.71
2017-04-13 09:43:28,78.68,78.71
2017-04-13 09:43:29,78.68,78.71
2017-04-13 09:43:30,78.69,78.71
2017-04-13 09:43:31,78.69,78.71
2017-04-13 09:43:32,78.69,78.71
2017-04-13 09:43:33,78.69,78.71
2017-04-13 09:43:34,78.69,78.71
2017-04-13 09:43:35,78.69,78.71
2017-04-13 09:43:36,78.69,78.71
2017-04-13 09:43:37,78.69,78.71
2017-04-13 09:43:38,78.69,78.71
2017-04-13 09:43:39,78.69,78.71
2017-04-13 09:43:40,78.69,78.71
2017-04-13 09:43:41,78.69,78.71
2017-04-13 09:43:42,78.69,78.71
2017-04-13 09:43:43,78.69,78.71
2017-04-13 09:43:44,78.69,78.71
2017-04-13 09:43:45,78.67,78.7
2017-04-13 09:43:46,78.67,78.68
2017-04-13 09:43:47,78.67,78.68
2017-04-13 09:43:48,78.67,78.69
2017-04-13 09:43:49,78.67,78.69
2017-04-13 09:43:50,78.67,78.69
2017-04-13 09:43:51,78.68,78.7
2017-04-13 09:43:52,78.69,78.7
2017-04-13 09:43:53,78.69,78.7
2017-04-13 09:43:54,78.68,78.7
2017-04-13 09:43:55,78.68,78.7
2017-04-13 09:43:56,78.68,78.7
2017-04-13 09:43:57,78.68,78.7
2017-04-13 09:43:58,78.68,78.72
2017-04-13 09:43:59,78.68,78.72
2017-04-13 09:44:00,78.68,78.72
2017-04-13 09:44:01,78.68,78.72
2017-04-13 09:44:02,78.68,78.72
2017-04-13 09:44:03,78.68,78.72
2017-04-13 09:44:04,78.68,78.72
2017-04-13 09:44:05,78.68,78.72
2017-04-13 09:44:06,78.68,78.72
2017-04-13 09:44:07,78.68,78.72
2017-04-13 09:44:08,78.68,78.72
2017-04-13 09:44:09,78.68,78.72
2017-04-13 09:44:10,78.68,78.72
2017-04-13 09:44:11,78.68,78.72
2017-04-13 09:44:12,78.68,78.72
2017-04-13 09:44:13,78.68,78.72
2017-04-13 09:44:14,78.68,78.72
2017-04-13 09:44:15,78.68,78.72
2017-04-13 09:44:16,78.68,78.72
2017-04-13 09:44:17,78.68,78.72
2017-04-13 09:44:18,78.68,78.72
2017-04-13 09:44:19,78.68,78.72
2017-04-13 09:44:20,78.68,78.72
2017-04-13 09:44:21,78.68,78.72
2017-04-13 09:44:22,78.68,78.72
2017-04-13 09:44:23,78.68,78.72
2017-04-13 09:44:24,78.68,78.72
2017-04-13 09:44:25,78.68,78.72
2017-04-13 09:44:26,78.68,78.72
2017-04-13 09:44:27,78.7,78.75
2017-04-13 09:44:28,78.7,78.75
2017-04-13 09:44:29,78.7,78.75
2017-04-13 09:44:30,78.7,78.75
2017-04-13 09:44:31,78.7,78.75
2017-04-13 09:44:32,78.7,78.75
2017-04-13 09:44:33,78.7,78.75
2017-04-13 09:44:34,78.7,78.75
2017-04-13 09:44:35,78.7,78.75
2017-04-13 09:44:36,78.7,78.75
2017-04-13 09:44:37,78.7,78.75
2017-04-13 09:44:38,78.7,78.75
2017-04-13 09:44:39,78.7,78.75
2017-04-13 09:44:40,78.7,78.75
2017-04-13 09:44:41,78.7,78.75
2017-04-13 09:44:42,78.7,78.75
2017-04-13 09:44:43,78.72,78.75
2017-04-13 09:44:44,78.72,78.75
2017-04-13 09:44:45,78.72,78.75
2017-04-13 09:44:46,78.72,78.75
2017-04-13 09:44:47,78.72,78.75
2017-04-13 09:44:48,78.72,78.75
2017-04-13 09:44:49,78.71,78.72
2017-04-13 09:44:50,78.74,78.76
2017-04-13 09:44:51,78.73,78.76
2017-04-13 09:44:52,78.73,78.76
2017-04-13 09:44:53,78.73,78.76
2017-04-13 09:44:54,78.73,78.76
2017-04-13 09:44:55,78.73,78.77
2017-04-13 09:44:56,78.73,78.77
2017-04-13 09:44:57,78.73,78.77
2017-04-13 09:44:58,78.73,78.77
2017-04-13 09:44:59,78.73,78.77
2017-04-13 09:45:00,78.73,78.77
2017-04-13 09:45:01,78.73,78.77
2017-04-13 09:45:02,78.73,78.77
2017-04-13 09:45:03,78.73,78.77
2017-04-13 09:45:04,78.73,78.77
2017-04-13 09:45:05,78.73,78.77
2017-04-13 09:45:06,78.73,78.77
2017-04-13 09:45:07,78.71,78.73
2017-04-13 09:45:08,78.68,78.69
2017-04-13 09:45:09,78.65,78.68
2017-04-13 09:45:10,78.65,78.68
2017-04-13 09:45:11,78.65,78.68
2017-04-13 09:45:12,78.65,78.68
2017-04-13 09:45:13,78.65,78.68
2017-04-13 09:45:14,78.65,78.68
2017-04-13 09:45:15,78.66,78.68
2017-04-13 09:45:16,78.66,78.68
2017-04-13 09:45:17,78.66,78.68
2017-04-13 09:45:18,78.65,78.67
2017-04-13 09:45:19,78.65,78.67
2017-04-13 09:45:20,78.68,78.71
2017-04-13 09:45:21,78.68,78.71
2017-04-13 09:45:22,78.68,78.71
2017-04-13 09:45:23,78.68,78.7
2017-04-13 09:45:24,78.68,78.7
2017-04-13 09:45:25,78.69,78.7
2017-04-13 09:45:26,78.69,78.7
2017-04-13 09:45:27,78.7,78.71
2017-04-13 09:45:28,78.72,78.73
2017-04-13 09:45:29,78.73,78.74
2017-04-13 09:45:30,78.73,78.75
2017-04-13 09:45:31,78.73,78.74
2017-04-13 09:45:32,78.72,78.74
2017-04-13 09:45:33,78.72,78.74
2017-04-13 09:45:34,78.72,78.74
2017-04-13 09:45:35,78.72,78.74
2017-04-13 09:45:36,78.72,78.74
2017-04-13 09:45:37,78.72,78.74
2017-04-13 09:45:38,78.72,78.74
2017-04-13 09:45:39,78.72,78.74
2017-04-13 09:45:40,78.72,78.74
2017-04-13 09:45:41,78.72,78.74
2017-04-13 09:45:42,78.7,78.71
2017-04-13 09:45:43,78.71,78.74
2017-04-13 09:45:44,78.71,78.74
2017-04-13 09:45:45,78.71,78.74
2017-04-13 09:45:46,78.71,78.74
2017-04-13 09:45:47,78.71,78.74
2017-04-13 09:45:48,78.71,78.74
2017-04-13 09:45:49,78.71,78.74
2017-04-13 09:45:50,78.71,78.74
2017-04-13 09:45:51,78.69,78.7
2017-04-13 09:45:52,78.69,78.7
2017-04-13 09:45:53,78.68,78.69
2017-04-13 09:45:54,78.67,78.68
2017-04-13 09:45:55,78.65,78.67
2017-04-13 09:45:56,78.65,78.67
2017-04-13 09:45:57,78.65,78.67
2017-04-13 09:45:58,78.65,78.67
2017-04-13 09:45:59,78.65,78.67
2017-04-13 09:46:00,78.65,78.67
2017-04-13 09:46:01,78.66,78.68
2017-04-13 09:46:02,78.66,78.68
2017-04-13 09:46:03,78.66,78.67
2017-04-13 09:46:04,78.66,78.67
2017-04-13 09:46:05,78.66,78.67
2017-04-13 09:46:06,78.66,78.68
2017-04-13 09:46:07,78.66,78.68
2017-04-13 09:46:08,78.66,78.68
2017-04-13 09:46:09,78.66,78.68
2017-04-13 09:46:10,78.66,78.68
2017-04-13 09:46:11,78.66,78.68
2017-04-13 09:46:12,78.66,78.68
2017-04-13 09:46:13,78.66,78.68
2017-04-13 09:46:14,78.66,78.68
2017-04-13 09:46:15,78.65,78.66
2017-04-13 09:46:16,78.65,78.66
2017-04-13 09:46:17,78.65,78.66
2017-04-13 09:46:18,78.65,78.66
2017-04-13 09:46:19,78.64,78.66
2017-04-13 09:46:20,78.65,78.66
2017-04-13 09:46:21,78.67,78.68
2017-04-13 09:46:22,78.67,78.68
2017-04-13 09:46:23,78.67,78.69
2017-04-13 09:46:24,78.67,78.69
2017-04-13 09:46:25,78.67,78.69
2017-04-13 09:46:26,78.67,78.69
2017-04-13 09:46:27,78.67,78.68
2017-04-13 09:46:28,78.67,78.68
2017-04-13 09:46:29,78.67,78.68
2017-04-13 09:46:30,78.66,78.68
2017-04-13 09:46:31,78.66,78.68
2017-04-13 09:46:32,78.66,78.68
2017-04-13 09:46:33,78.66,78.68
2017-04-13 09:46:34,78.66,78.68
2017-04-13 09:46:35,78.66,78.68
2017-04-13 09:46:36,78.66,78.68
2017-04-13 09:46:37,78.66,78.67
2017-04-13 09:46:38,78.65,78.66
2017-04-13 09:46:39,78.65,78.66
2017-04-13 09:46:40,78.66,78.67
2017-04-13 09:46:41,78.65,78.67
2017-04-13 09:46:42,78.65,78.67
2017-04-13 09:46:43,78.65,78.67
2017-04-13 09:46:44,78.65,78.67
2017-04-13 09:46:45,78.65,78.67
2017-04-13 09:46:46,78.65,78.67
2017-04-13 09:46:47,78.65,78.68
2017-04-13 09:46:48,78.65,78.68
2017-04-13 09:46:49,78.66,78.68
2017-04-13 09:46:50,78.66,78.68
2017-04-13 09:46:51,78.64,78.65
2017-04-13 09:46:52,78.66,78.67
2017-04-13 09:46:53,78.66,78.67
2017-04-13 09:46:54,78.66,78.68
2017-04-13 09:46:55,78.66,78.68
2017-04-13 09:46:56,78.66,78.67
2017-04-13 09:46:57,78.66,78.68
2017-04-13 09:46:58,78.66,78.68
2017-04-13 09:46:59,78.66,78.68
2017-04-13 09:47:00,78.65,78.66
2017-04-13 09:47:01,78.65,78.66
2017-04-13 09:47:02,78.62,78.63
2017-04-13 09:47:03,78.63,78.66
2017-04-13 09:47:04,78.64,78.66
2017-04-13 09:47:05,78.63,78.65
2017-04-13 09:47:06,78.63,78.65
2017-04-13 09:47:07,78.64,78.65
2017-04-13 09:47:08,78.65,78.66
2017-04-13 09:47:09,78.65,78.67
2017-04-13 09:47:10,78.65,78.67
2017-04-13 09:47:11,78.67,78.68
2017-04-13 09:47:12,78.67,78.68
2017-04-13 09:47:13,78.67,78.68
2017-04-13 09:47:14,78.67,78.68
2017-04-13 09:47:15,78.67,78.68
2017-04-13 09:47:16,78.66,78.67
2017-04-13 09:47:17,78.64,78.66
2017-04-13 09:47:18,78.64,78.65
2017-04-13 09:47:19,78.65,78.66
2017-04-13 09:47:20,78.64,78.66
2017-04-13 09:47:21,78.64,78.66
2017-04-13 09:47:22,78.64,78.66
2017-04-13 09:47:23,78.64,78.66
2017-04-13 09:47:24,78.64,78.66
2017-04-13 09:47:25,78.64,78.66
2017-04-13 09:47:26,78.64,78.66
2017-04-13 09:47:27,78.66,78.68
2017-04-13 09:47:28,78.66,78.68
2017-04-13 09:47:29,78.66,78.68
2017-04-13 09:47:30,78.66,78.68
2017-04-13 09:47:31,78.66,78.68
2017-04-13 09:47:32,78.66,78.68
2017-04-13 09:47:33,78.66,78.68
2017-04-13 09:47:34,78.66,78.68
2017-04-13 09:47:35,78.66,78.68
2017-04-13 09:47:36,78.66,78.68
2017-04-13 09:47:37,78.66,78.68
2017-04-13 09:47:38,78.66,78.68
2017-04-13 09:47:39,78.67,78.69
2017-04-13 09:47:40,78.67,78.69
2017-04-13 09:47:41,78.66,78.67
2017-04-13 09:47:42,78.66,78.67
2017-04-13 09:47:43,78.66,78.67
2017-04-13 09:47:44,78.66,78.67
2017-04-13 09:47:45,78.66,78.67
2017-04-13 09:47:46,78.67,78.68
2017-04-13 09:47:47,78.67,78.68
2017-04-13 09:47:48,78.67,78.68
2017-04-13 09:47:49,78.67,78.68
2017-04-13 09:47:50,78.69,78.69
2017-04-13 09:47:51,78.68,78.69
2017-04-13 09:47:52,78.68,78.69
2017-04-13 09:47:53,78.68,78.69
2017-04-13 09:47:54,78.68,78.69
2017-04-13 09:47:55,78.66,78.67
2017-04-13 09:47:56,78.66,78.67
2017-04-13 09:47:57,78.66,78.67
2017-04-13 09:47:58,78.66,78.67
2017-04-13 09:47:59,78.66,78.67
2017-04-13 09:48:00,78.66,78.67
2017-04-13 09:48:01,78.66,78.67
2017-04-13 09:48:02,78.66,78.67
2017-04-13 09:48:03,78.64,78.65
2017-04-13 09:48:04,78.64,78.65
2017-04-13 09:48:05,78.66,78.67
2017-04-13 09:48:06,78.67,78.68
2017-04-13 09:48:07,78.67,78.68
2017-04-13 09:48:08,78.67,78.68
2017-04-13 09:48:09,78.71,78.72
2017-04-13 09:48:10,78.72,78.73
2017-04-13 09:48:11,78.72,78.73
2017-04-13 09:48:12,78.72,78.73
2017-04-13 09:48:13,78.74,78.75
2017-04-13 09:48:14,78.74,78.76
2017-04-13 09:48:15,78.72,78.73
2017-04-13 09:48:16,78.7,78.71
2017-04-13 09:48:17,78.7,78.71
2017-04-13 09:48:18,78.7,78.71
2017-04-13 09:48:19,78.7,78.71
2017-04-13 09:48:20,78.7,78.71
2017-04-13 09:48:21,78.7,78.71
2017-04-13 09:48:22,78.71,78.73
2017-04-13 09:48:23,78.72,78.73
2017-04-13 09:48:24,78.72,78.73
2017-04-13 09:48:25,78.72,78.73
2017-04-13 09:48:26,78.72,78.73
2017-04-13 09:48:27,78.72,78.73
2017-04-13 09:48:28,78.72,78.73
2017-04-13 09:48:29,78.72,78.73
2017-04-13 09:48:30,78.72,78.73
2017-04-13 09:48:31,78.72,78.73
2017-04-13 09:48:32,78.72,78.73
2017-04-13 09:48:33,78.72,78.73
2017-04-13 09:48:34,78.72,78.73
2017-04-13 09:48:35,78.72,78.73
2017-04-13 09:48:36,78.72,78.73
2017-04-13 09:48:37,78.74,78.75
2017-04-13 09:48:38,78.74,78.75
2017-04-13 09:48:39,78.74,78.75
2017-04-13 09:48:40,78.73,78.74
2017-04-13 09:48:41,78.73,78.74
2017-04-13 09:48:42,78.73,78.74
2017-04-13 09:48:43,78.73,78.74
2017-04-13 09:48:44,78.73,78.74
2017-04-13 09:48:45,78.74,78.75
2017-04-13 09:48:46,78.75,78.77
2017-04-13 09:48:47,78.76,78.77
2017-04-13 09:48:48,78.76,78.77
2017-04-13 09:48:49,78.78,78.79
2017-04-13 09:48:50,78.78,78.79
2017-04-13 09:48:51,78.78,78.79
2017-04-13 09:48:52,78.78,78.79
2017-04-13 09:48:53,78.78,78.79
2017-04-13 09:48:54,78.8,78.82
2017-04-13 09:48:55,78.77,78.78
2017-04-13 09:48:56,78.77,78.78
2017-04-13 09:48:57,78.77,78.78
2017-04-13 09:48:58,78.77,78.78
2017-04-13 09:48:59,78.76,78.77
2017-04-13 09:49:00,78.76,78.77
2017-04-13 09:49:01,78.76,78.77
2017-04-13 09:49:02,78.76,78.77
2017-04-13 09:49:03,78.75,78.77
2017-04-13 09:49:04,78.75,78.77
2017-04-13 09:49:05,78.76,78.77
2017-04-13 09:49:06,78.77,78.78
2017-04-13 09:49:07,78.77,78.78
2017-04-13 09:49:08,78.75,78.76
2017-04-13 09:49:09,78.73,78.75
2017-04-13 09:49:10,78.74,78.75
2017-04-13 09:49:11,78.73,78.75
2017-04-13 09:49:12,78.73,78.75
2017-04-13 09:49:13,78.73,78.75
2017-04-13 09:49:14,78.74,78.76
2017-04-13 09:49:15,78.74,78.76
2017-04-13 09:49:16,78.74,78.76
2017-04-13 09:49:17,78.74,78.76
2017-04-13 09:49:18,78.74,78.76
2017-04-13 09:49:19,78.74,78.75
2017-04-13 09:49:20,78.76,78.78
2017-04-13 09:49:21,78.77,78.78
2017-04-13 09:49:22,78.77,78.78
2017-04-13 09:49:23,78.76,78.78
2017-04-13 09:49:24,78.76,78.77
2017-04-13 09:49:25,78.75,78.76
2017-04-13 09:49:26,78.75,78.77
2017-04-13 09:49:27,78.75,78.77
2017-04-13 09:49:28,78.78,78.79
2017-04-13 09:49:29,78.78,78.79
2017-04-13 09:49:30,78.78,78.79
2017-04-13 09:49:31,78.78,78.79
2017-04-13 09:49:32,78.78,78.79
2017-04-13 09:49:33,78.78,78.79
2017-04-13 09:49:34,78.78,78.79
2017-04-13 09:49:35,78.79,78.8
2017-04-13 09:49:36,78.79,78.8
2017-04-13 09:49:37,78.79,78.81
2017-04-13 09:49:38,78.79,78.8
2017-04-13 09:49:39,78.79,78.8
2017-04-13 09:49:40,78.79,78.8
2017-04-13 09:49:41,78.79,78.8
2017-04-13 09:49:42,78.79,78.8
2017-04-13 09:49:43,78.79,78.8
2017-04-13 09:49:44,78.79,78.8
2017-04-13 09:49:45,78.79,78.8
2017-04-13 09:49:46,78.79,78.8
2017-04-13 09:49:47,78.79,78.8
2017-04-13 09:49:48,78.83,78.84
2017-04-13 09:49:49,78.83,78.84
2017-04-13 09:49:50,78.83,78.84
2017-04-13 09:49:51,78.84,78.85
2017-04-13 09:49:52,78.84,78.85
2017-04-13 09:49:53,78.84,78.85
2017-04-13 09:49:54,78.84,78.85
2017-04-13 09:49:55,78.84,78.85
2017-04-13 09:49:56,78.84,78.85
2017-04-13 09:49:57,78.84,78.85
2017-04-13 09:49:58,78.84,78.86
2017-04-13 09:49:59,78.84,78.86
2017-04-13 09:50:00,78.84,78.86
2017-04-13 09:50:01,78.84,78.86
2017-04-13 09:50:02,78.84,78.86
2017-04-13 09:50:03,78.84,78.86
2017-04-13 09:50:04,78.84,78.86
2017-04-13 09:50:05,78.84,78.86
2017-04-13 09:50:06,78.83,78.84
2017-04-13 09:50:07,78.83,78.84
2017-04-13 09:50:08,78.81,78.82
2017-04-13 09:50:09,78.81,78.82
2017-04-13 09:50:10,78.81,78.82
2017-04-13 09:50:11,78.81,78.82
2017-04-13 09:50:12,78.81,78.82
2017-04-13 09:50:13,78.81,78.82
2017-04-13 09:50:14,78.81,78.82
2017-04-13 09:50:15,78.81,78.82
2017-04-13 09:50:16,78.81,78.82
2017-04-13 09:50:17,78.82,78.83
2017-04-13 09:50:18,78.82,78.83
2017-04-13 09:50:19,78.82,78.83
2017-04-13 09:50:20,78.82,78.83
2017-04-13 09:50:21,78.8,78.81
2017-04-13 09:50:22,78.8,78.81
2017-04-13 09:50:23,78.8,78.82
2017-04-13 09:50:24,78.8,78.82
2017-04-13 09:50:25,78.8,78.82
2017-04-13 09:50:26,78.82,78.83
2017-04-13 09:50:27,78.83,78.85
2017-04-13 09:50:28,78.84,78.85
2017-04-13 09:50:29,78.86,78.87
2017-04-13 09:50:30,78.87,78.88
2017-04-13 09:50:31,78.87,78.88
2017-04-13 09:50:32,78.87,78.88
2017-04-13 09:50:33,78.87,78.88
2017-04-13 09:50:34,78.86,78.87
2017-04-13 09:50:35,78.86,78.87
2017-04-13 09:50:36,78.83,78.85
2017-04-13 09:50:37,78.83,78.85
2017-04-13 09:50:38,78.83,78.85
2017-04-13 09:50:39,78.83,78.85
2017-04-13 09:50:40,78.83,78.85
2017-04-13 09:50:41,78.83,78.85
2017-04-13 09:50:42,78.83,78.85
2017-04-13 09:50:43,78.83,78.85
2017-04-13 09:50:44,78.83,78.85
2017-04-13 09:50:45,78.83,78.84
2017-04-13 09:50:46,78.83,78.84
2017-04-13 09:50:47,78.83,78.84
2017-04-13 09:50:48,78.84,78.85
2017-04-13 09:50:49,78.86,78.87
2017-04-13 09:50:50,78.85,78.86
2017-04-13 09:50:51,78.85,78.86
2017-04-13 09:50:52,78.85,78.86
2017-04-13 09:50:53,78.85,78.86
2017-04-13 09:50:54,78.87,78.88
2017-04-13 09:50:55,78.87,78.88
2017-04-13 09:50:56,78.87,78.88
2017-04-13 09:50:57,78.87,78.88
2017-04-13 09:50:58,78.87,78.88
2017-04-13 09:50:59,78.87,78.88
2017-04-13 09:51:00,78.87,78.88
2017-04-13 09:51:01,78.88,78.89
2017-04-13 09:51:02,78.88,78.89
2017-04-13 09:51:03,78.88,78.89
2017-04-13 09:51:04,78.88,78.89
2017-04-13 09:51:05,78.9,78.92
2017-04-13 09:51:06,78.9,78.92
2017-04-13 09:51:07,78.9,78.92
2017-04-13 09:51:08,78.9,78.92
2017-04-13 09:51:09,78.9,78.92
2017-04-13 09:51:10,78.9,78.92
2017-04-13 09:51:11,78.9,78.92
2017-04-13 09:51:12,78.9,78.92
2017-04-13 09:51:13,78.9,78.92
2017-04-13 09:51:14,78.94,78.96
2017-04-13 09:51:15,78.95,78.97
2017-04-13 09:51:16,78.95,78.97
2017-04-13 09:51:17,78.93,78.94
2017-04-13 09:51:18,78.94,78.97
2017-04-13 09:51:19,78.94,78.97
2017-04-13 09:51:20,78.94,78.97
2017-04-13 09:51:21,78.94,78.97
2017-04-13 09:51:22,78.94,78.97
2017-04-13 09:51:23,78.94,78.97
2017-04-13 09:51:24,78.94,78.97
2017-04-13 09:51:25,78.95,78.96
2017-04-13 09:51:26,78.98,79.0
2017-04-13 09:51:27,78.98,79.0
2017-04-13 09:51:28,78.98,79.0
2017-04-13 09:51:29,78.98,79.0
2017-04-13 09:51:30,78.98,79.0
2017-04-13 09:51:31,78.97,78.99
2017-04-13 09:51:32,78.97,79.0
2017-04-13 09:51:33,78.97,78.98
2017-04-13 09:51:34,78.97,78.98
2017-04-13 09:51:35,78.96,78.98
2017-04-13 09:51:36,78.95,78.97
2017-04-13 09:51:37,78.94,78.97
2017-04-13 09:51:38,78.94,78.95
2017-04-13 09:51:39,78.94,78.95
2017-04-13 09:51:40,78.94,78.95
2017-04-13 09:51:41,78.94,78.95
2017-04-13 09:51:42,78.94,78.95
2017-04-13 09:51:43,78.94,78.95
2017-04-13 09:51:44,78.94,78.95
2017-04-13 09:51:45,78.94,78.95
2017-04-13 09:51:46,78.94,78.95
2017-04-13 09:51:47,78.92,78.94
2017-04-13 09:51:48,78.93,78.94
2017-04-13 09:51:49,78.95,78.96
2017-04-13 09:51:50,78.95,78.96
2017-04-13 09:51:51,78.93,78.95
2017-04-13 09:51:52,78.93,78.95
2017-04-13 09:51:53,78.93,78.95
2017-04-13 09:51:54,78.93,78.95
2017-04-13 09:51:55,78.93,78.95
2017-04-13 09:51:56,78.94,78.97
2017-04-13 09:51:57,78.94,78.97
2017-04-13 09:51:58,78.94,78.97
2017-04-13 09:51:59,78.94,78.97
2017-04-13 09:52:00,78.94,78.97
2017-04-13 09:52:01,78.94,78.97
2017-04-13 09:52:02,78.94,78.96
2017-04-13 09:52:03,78.95,78.96
2017-04-13 09:52:04,78.95,78.97
2017-04-13 09:52:05,78.96,78.97
2017-04-13 09:52:06,78.97,78.98
2017-04-13 09:52:07,78.96,78.98
2017-04-13 09:52:08,78.95,78.97
2017-04-13 09:52:09,78.94,78.97
2017-04-13 09:52:10,78.94,78.97
2017-04-13 09:52:11,78.95,78.97
2017-04-13 09:52:12,78.95,78.97
2017-04-13 09:52:13,78.95,78.97
2017-04-13 09:52:14,78.99,79.0
2017-04-13 09:52:15,78.96,79.0
2017-04-13 09:52:16,78.96,79.0
2017-04-13 09:52:17,78.96,78.99
2017-04-13 09:52:18,78.96,78.99
2017-04-13 09:52:19,78.97,79.0
2017-04-13 09:52:20,78.97,79.0
2017-04-13 09:52:21,78.97,79.0
2017-04-13 09:52:22,78.97,78.99
2017-04-13 09:52:23,78.97,79.0
2017-04-13 09:52:24,78.99,79.02
2017-04-13 09:52:25,79.0,79.02
2017-04-13 09:52:26,79.0,79.02
2017-04-13 09:52:27,79.0,79.02
2017-04-13 09:52:28,79.0,79.02
2017-04-13 09:52:29,79.0,79.02
2017-04-13 09:52:30,79.0,79.02
2017-04-13 09:52:31,79.0,79.02
2017-04-13 09:52:32,79.0,79.02
2017-04-13 09:52:33,79.0,79.02
2017-04-13 09:52:34,78.98,78.99
2017-04-13 09:52:35,78.98,79.0
2017-04-13 09:52:36,78.97,79.0
2017-04-13 09:52:37,78.97,78.99
2017-04-13 09:52:38,78.97,78.99
2017-04-13 09:52:39,78.97,78.99
2017-04-13 09:52:40,78.97,78.99
2017-04-13 09:52:41,78.98,79.0
2017-04-13 09:52:42,78.99,79.0
2017-04-13 09:52:43,78.99,79.0
2017-04-13 09:52:44,78.99,79.0
2017-04-13 09:52:45,78.99,79.0
2017-04-13 09:52:46,79.0,79.01
2017-04-13 09:52:47,79.01,79.02
2017-04-13 09:52:48,79.01,79.02
2017-04-13 09:52:49,79.01,79.02
2017-04-13 09:52:50,79.0,79.01
2017-04-13 09:52:51,79.0,79.01
2017-04-13 09:52:52,79.0,79.01
2017-04-13 09:52:53,79.0,79.01
2017-04-13 09:52:54,79.0,79.01
2017-04-13 09:52:55,79.01,79.02
2017-04-13 09:52:56,79.01,79.03
2017-04-13 09:52:57,79.02,79.04
2017-04-13 09:52:58,79.01,79.04
2017-04-13 09:52:59,79.02,79.04
2017-04-13 09:53:00,79.03,79.05
2017-04-13 09:53:01,79.04,79.06
2017-04-13 09:53:02,79.03,79.06
2017-04-13 09:53:03,79.03,79.05
2017-04-13 09:53:04,79.03,79.05
2017-04-13 09:53:05,79.03,79.05
2017-04-13 09:53:06,79.01,79.02
2017-04-13 09:53:07,79.01,79.02
2017-04-13 09:53:08,79.01,79.02
2017-04-13 09:53:09,78.99,79.01
2017-04-13 09:53:10,79.04,79.05
2017-04-13 09:53:11,79.04,79.05
2017-04-13 09:53:12,79.04,79.05
2017-04-13 09:53:13,79.04,79.05
2017-04-13 09:53:14,79.04,79.05
2017-04-13 09:53:15,79.04,79.05
2017-04-13 09:53:16,79.03,79.05
2017-04-13 09:53:17,79.03,79.05
2017-04-13 09:53:18,79.03,79.05
2017-04-13 09:53:19,79.03,79.05
2017-04-13 09:53:20,79.03,79.05
2017-04-13 09:53:21,79.03,79.05
2017-04-13 09:53:22,79.03,79.05
2017-04-13 09:53:23,79.02,79.04
2017-04-13 09:53:24,79.02,79.03
2017-04-13 09:53:25,79.02,79.03
2017-04-13 09:53:26,79.02,79.03
2017-04-13 09:53:27,79.0,79.02
2017-04-13 09:53:28,79.0,79.02
2017-04-13 09:53:29,79.0,79.01
2017-04-13 09:53:30,79.0,79.01
2017-04-13 09:53:31,79.0,79.01
2017-04-13 09:53:32,79.0,79.01
2017-04-13 09:53:33,78.99,79.01
2017-04-13 09:53:34,78.99,79.01
2017-04-13 09:53:35,78.99,79.01
2017-04-13 09:53:36,78.99,79.0
2017-04-13 09:53:37,78.99,79.0
2017-04-13 09:53:38,78.99,79.0
2017-04-13 09:53:39,78.99,79.0
2017-04-13 09:53:40,78.99,79.0
2017-04-13 09:53:41,78.99,79.0
2017-04-13 09:53:42,79.0,79.02
2017-04-13 09:53:43,78.99,79.0
2017-04-13 09:53:44,78.99,79.0
2017-04-13 09:53:45,78.99,79.0
2017-04-13 09:53:46,78.99,79.0
2017-04-13 09:53:47,78.98,78.99
2017-04-13 09:53:48,78.98,78.99
2017-04-13 09:53:49,78.98,78.99
2017-04-13 09:53:50,78.96,78.97
2017-04-13 09:53:51,78.96,78.97
2017-04-13 09:53:52,78.96,78.97
2017-04-13 09:53:53,78.96,78.97
2017-04-13 09:53:54,78.96,78.97
2017-04-13 09:53:55,78.96,78.97
2017-04-13 09:53:56,78.97,79.0
2017-04-13 09:53:57,78.96,78.99
2017-04-13 09:53:58,78.96,78.99
2017-04-13 09:53:59,78.96,78.98
2017-04-13 09:54:00,78.96,78.98
2017-04-13 09:54:01,78.96,78.99
2017-04-13 09:54:02,78.96,78.99
2017-04-13 09:54:03,78.97,78.99
2017-04-13 09:54:04,78.96,78.98
2017-04-13 09:54:05,78.94,78.97
2017-04-13 09:54:06,78.94,78.97
2017-04-13 09:54:07,78.94,78.97
2017-04-13 09:54:08,78.95,78.97
2017-04-13 09:54:09,78.95,78.97
2017-04-13 09:54:10,78.96,78.97
2017-04-13 09:54:11,78.96,78.97
2017-04-13 09:54:12,78.96,78.97
2017-04-13 09:54:13,78.96,78.97
2017-04-13 09:54:14,78.96,78.97
2017-04-13 09:54:15,78.96,78.97
2017-04-13 09:54:16,78.96,78.97
2017-04-13 09:54:17,78.93,78.96
2017-04-13 09:54:18,78.93,78.96
2017-04-13 09:54:19,78.93,78.96
2017-04-13 09:54:20,78.93,78.96
2017-04-13 09:54:21,78.93,78.95
2017-04-13 09:54:22,78.93,78.95
2017-04-13 09:54:23,78.93,78.95
2017-04-13 09:54:24,78.94,78.95
2017-04-13 09:54:25,78.94,78.97
2017-04-13 09:54:26,78.94,78.97
2017-04-13 09:54:27,78.95,78.97
2017-04-13 09:54:28,78.95,78.97
2017-04-13 09:54:29,78.95,78.97
2017-04-13 09:54:30,78.95,78.96
2017-04-13 09:54:31,78.95,78.96
2017-04-13 09:54:32,78.95,78.96
2017-04-13 09:54:33,78.95,78.96
2017-04-13 09:54:34,78.95,78.96
2017-04-13 09:54:35,78.95,78.96
2017-04-13 09:54:36,78.95,78.96
2017-04-13 09:54:37,78.95,78.96
2017-04-13 09:54:38,78.95,78.96
2017-04-13 09:54:39,78.95,78.96
2017-04-13 09:54:40,78.95,78.96
2017-04-13 09:54:41,78.95,78.96
2017-04-13 09:54:42,78.95,78.95
2017-04-13 09:54:43,78.95,78.97
2017-04-13 09:54:44,78.95,78.97
2017-04-13 09:54:45,78.94,78.96
2017-04-13 09:54:46,78.94,78.96
2017-04-13 09:54:47,78.94,78.96
2017-04-13 09:54:48,78.94,78.95
2017-04-13 09:54:49,78.96,78.97
2017-04-13 09:54:50,78.96,78.98
2017-04-13 09:54:51,78.96,78.98
2017-04-13 09:54:52,78.94,78.97
2017-04-13 09:54:53,78.94,78.96
2017-04-13 09:54:54,78.94,78.95
2017-04-13 09:54:55,78.94,78.95
2017-04-13 09:54:56,78.94,78.95
2017-04-13 09:54:57,78.94,78.95
2017-04-13 09:54:58,78.94,78.95
2017-04-13 09:54:59,78.94,78.95
2017-04-13 09:55:00,78.94,78.95
2017-04-13 09:55:01,78.94,78.95
2017-04-13 09:55:02,78.94,78.95
2017-04-13 09:55:03,78.97,78.98
2017-04-13 09:55:04,78.97,78.98
2017-04-13 09:55:05,78.95,78.97
2017-04-13 09:55:06,78.95,78.97
2017-04-13 09:55:07,78.95,78.97
2017-04-13 09:55:08,78.95,78.97
2017-04-13 09:55:09,78.94,78.97
2017-04-13 09:55:10,78.94,78.97
2017-04-13 09:55:11,78.94,78.97
2017-04-13 09:55:12,78.94,78.97
2017-04-13 09:55:13,78.95,78.97
2017-04-13 09:55:14,78.95,78.97
2017-04-13 09:55:15,78.95,78.97
2017-04-13 09:55:16,78.95,78.97
2017-04-13 09:55:17,78.95,78.97
2017-04-13 09:55:18,78.95,78.97
2017-04-13 09:55:19,78.95,78.97
2017-04-13 09:55:20,78.95,78.97
2017-04-13 09:55:21,78.95,78.97
2017-04-13 09:55:22,78.95,78.97
2017-04-13 09:55:23,78.95,78.96
2017-04-13 09:55:24,78.95,78.96
2017-04-13 09:55:25,78.95,78.96
2017-04-13 09:55:26,78.95,78.96
2017-04-13 09:55:27,78.95,78.96
2017-04-13 09:55:28,78.95,78.96
2017-04-13 09:55:29,78.95,78.96
2017-04-13 09:55:30,78.95,78.96
2017-04-13 09:55:31,78.95,78.96
2017-04-13 09:55:32,78.95,78.96
2017-04-13 09:55:33,78.95,78.96
2017-04-13 09:55:34,78.95,78.96
2017-04-13 09:55:35,78.95,78.96
2017-04-13 09:55:36,78.96,78.98
2017-04-13 09:55:37,78.98,79.01
2017-04-13 09:55:38,78.98,79.0
2017-04-13 09:55:39,78.99,79.0
2017-04-13 09:55:40,78.99,79.0
2017-04-13 09:55:41,78.99,79.0
2017-04-13 09:55:42,78.99,79.0
2017-04-13 09:55:43,78.99,79.0
2017-04-13 09:55:44,78.99,79.0
2017-04-13 09:55:45,78.99,79.0
2017-04-13 09:55:46,78.99,79.0
2017-04-13 09:55:47,78.99,79.0
2017-04-13 09:55:48,78.98,79.0
2017-04-13 09:55:49,78.98,79.0
2017-04-13 09:55:50,78.98,79.0
2017-04-13 09:55:51,78.98,79.0
2017-04-13 09:55:52,78.98,79.0
2017-04-13 09:55:53,78.98,79.0
2017-04-13 09:55:54,78.98,79.0
2017-04-13 09:55:55,78.98,79.0
2017-04-13 09:55:56,78.98,79.0
2017-04-13 09:55:57,78.98,78.99
2017-04-13 09:55:58,78.97,78.98
2017-04-13 09:55:59,78.97,78.98
2017-04-13 09:56:00,78.97,78.99
2017-04-13 09:56:01,78.97,78.99
2017-04-13 09:56:02,78.97,78.99
2017-04-13 09:56:03,78.97,78.99
2017-04-13 09:56:04,78.97,78.99
2017-04-13 09:56:05,78.98,78.99
2017-04-13 09:56:06,78.98,78.99
2017-04-13 09:56:07,78.98,78.99
2017-04-13 09:56:08,79.0,79.01
2017-04-13 09:56:09,78.98,79.01
2017-04-13 09:56:10,78.98,79.01
2017-04-13 09:56:11,78.98,79.01
2017-04-13 09:56:12,78.98,79.01
2017-04-13 09:56:13,78.98,79.0
2017-04-13 09:56:14,78.97,78.98
2017-04-13 09:56:15,78.96,78.97
2017-04-13 09:56:16,78.96,78.97
2017-04-13 09:56:17,78.96,78.97
2017-04-13 09:56:18,78.96,78.97
2017-04-13 09:56:19,78.96,78.97
2017-04-13 09:56:20,78.96,78.97
2017-04-13 09:56:21,78.96,78.97
2017-04-13 09:56:22,78.96,78.98
2017-04-13 09:56:23,78.96,78.98
2017-04-13 09:56:24,78.96,78.98
2017-04-13 09:56:25,78.95,78.96
2017-04-13 09:56:26,78.95,78.97
2017-04-13 09:56:27,78.95,78.97
2017-04-13 09:56:28,78.95,78.97
2017-04-13 09:56:29,78.95,78.97
2017-04-13 09:56:30,78.95,78.97
2017-04-13 09:56:31,78.95,78.97
2017-04-13 09:56:32,78.95,78.97
2017-04-13 09:56:33,78.95,78.97
2017-04-13 09:56:34,78.95,78.97
2017-04-13 09:56:35,78.99,79.0
2017-04-13 09:56:36,78.99,79.0
2017-04-13 09:56:37,78.99,79.01
2017-04-13 09:56:38,78.99,79.0
2017-04-13 09:56:39,78.99,79.0
2017-04-13 09:56:40,78.99,79.0
2017-04-13 09:56:41,78.99,79.01
2017-04-13 09:56:42,78.99,79.01
2017-04-13 09:56:43,78.99,79.01
2017-04-13 09:56:44,78.99,79.01
2017-04-13 09:56:45,78.99,79.01
2017-04-13 09:56:46,78.99,79.01
2017-04-13 09:56:47,78.99,79.01
2017-04-13 09:56:48,78.99,79.01
2017-04-13 09:56:49,78.99,79.01
2017-04-13 09:56:50,79.01,79.03
2017-04-13 09:56:51,79.0,79.01
2017-04-13 09:56:52,78.99,79.0
2017-04-13 09:56:53,78.99,79.0
2017-04-13 09:56:54,78.98,78.99
2017-04-13 09:56:55,78.98,78.99
2017-04-13 09:56:56,78.96,78.98
2017-04-13 09:56:57,78.96,78.98
2017-04-13 09:56:58,78.96,78.97
2017-04-13 09:56:59,78.96,78.97
2017-04-13 09:57:00,78.95,78.96
2017-04-13 09:57:01,78.95,78.96
2017-04-13 09:57:02,78.95,78.96
2017-04-13 09:57:03,78.95,78.97
2017-04-13 09:57:04,78.95,78.97
2017-04-13 09:57:05,78.95,78.97
2017-04-13 09:57:06,78.95,78.97
2017-04-13 09:57:07,78.95,78.97
2017-04-13 09:57:08,78.95,78.97
2017-04-13 09:57:09,78.96,78.98
2017-04-13 09:57:10,78.96,78.98
2017-04-13 09:57:11,78.96,78.98
2017-04-13 09:57:12,78.96,78.98
2017-04-13 09:57:13,78.96,78.98
2017-04-13 09:57:14,78.96,78.98
2017-04-13 09:57:15,78.96,78.98
2017-04-13 09:57:16,78.97,78.98
2017-04-13 09:57:17,78.97,78.98
2017-04-13 09:57:18,78.97,78.98
2017-04-13 09:57:19,78.97,78.98
2017-04-13 09:57:20,78.96,78.98
2017-04-13 09:57:21,78.96,78.98
2017-04-13 09:57:22,78.96,78.98
2017-04-13 09:57:23,78.96,78.98
2017-04-13 09:57:24,78.96,78.98
2017-04-13 09:57:25,78.96,78.98
2017-04-13 09:57:26,78.96,78.97
2017-04-13 09:57:27,78.96,78.97
2017-04-13 09:57:28,78.96,78.97
2017-04-13 09:57:29,78.96,78.97
2017-04-13 09:57:30,78.97,78.98
2017-04-13 09:57:31,78.95,78.96
2017-04-13 09:57:32,78.95,78.96
2017-04-13 09:57:33,78.95,78.96
2017-04-13 09:57:34,78.95,78.96
2017-04-13 09:57:35,78.95,78.96
2017-04-13 09:57:36,78.95,78.96
2017-04-13 09:57:37,78.95,78.96
2017-04-13 09:57:38,78.95,78.96
2017-04-13 09:57:39,78.92,78.94
2017-04-13 09:57:40,78.94,78.95
2017-04-13 09:57:41,78.95,78.96
2017-04-13 09:57:42,78.95,78.96
2017-04-13 09:57:43,78.95,78.96
2017-04-13 09:57:44,78.95,78.96
2017-04-13 09:57:45,78.95,78.96
2017-04-13 09:57:46,78.95,78.96
2017-04-13 09:57:47,78.95,78.96
2017-04-13 09:57:48,78.96,78.98
2017-04-13 09:57:49,78.97,78.98
2017-04-13 09:57:50,78.96,78.98
2017-04-13 09:57:51,78.96,78.98
2017-04-13 09:57:52,78.96,78.98
2017-04-13 09:57:53,78.96,78.98
2017-04-13 09:57:54,78.96,78.97
2017-04-13 09:57:55,78.95,78.96
2017-04-13 09:57:56,78.95,78.96
2017-04-13 09:57:57,78.95,78.96
2017-04-13 09:57:58,78.95,78.96
2017-04-13 09:57:59,78.94,78.95
2017-04-13 09:58:00,78.94,78.95
2017-04-13 09:58:01,78.94,78.95
2017-04-13 09:58:02,78.94,78.95
2017-04-13 09:58:03,78.94,78.95
2017-04-13 09:58:04,78.94,78.95
2017-04-13 09:58:05,78.94,78.95
2017-04-13 09:58:06,78.97,78.98
2017-04-13 09:58:07,78.97,78.98
2017-04-13 09:58:08,78.97,78.98
2017-04-13 09:58:09,78.96,78.97
2017-04-13 09:58:10,78.96,78.97
2017-04-13 09:58:11,78.96,78.97
2017-04-13 09:58:12,78.96,78.97
2017-04-13 09:58:13,78.96,78.97
2017-04-13 09:58:14,78.96,78.97
2017-04-13 09:58:15,78.96,78.97
2017-04-13 09:58:16,78.96,78.97
2017-04-13 09:58:17,78.96,78.97
2017-04-13 09:58:18,78.97,78.98
2017-04-13 09:58:19,78.97,78.98
2017-04-13 09:58:20,78.97,78.98
2017-04-13 09:58:21,78.97,78.98
2017-04-13 09:58:22,78.97,78.98
2017-04-13 09:58:23,78.97,78.98
2017-04-13 09:58:24,78.97,78.98
2017-04-13 09:58:25,78.96,78.97
2017-04-13 09:58:26,78.96,78.97
2017-04-13 09:58:27,78.96,78.97
2017-04-13 09:58:28,78.98,78.98
2017-04-13 09:58:29,78.97,78.98
2017-04-13 09:58:30,78.97,78.98
2017-04-13 09:58:31,78.99,79.01
2017-04-13 09:58:32,78.99,79.0
2017-04-13 09:58:33,78.98,78.99
2017-04-13 09:58:34,78.98,78.99
2017-04-13 09:58:35,78.98,78.99
2017-04-13 09:58:36,78.98,78.99
2017-04-13 09:58:37,78.98,78.99
2017-04-13 09:58:38,78.98,78.99
2017-04-13 09:58:39,78.98,78.99
2017-04-13 09:58:40,78.98,78.99
2017-04-13 09:58:41,78.98,79.0
2017-04-13 09:58:42,78.98,78.99
2017-04-13 09:58:43,78.98,79.0
2017-04-13 09:58:44,78.98,79.0
2017-04-13 09:58:45,78.98,78.99
2017-04-13 09:58:46,78.98,78.99
2017-04-13 09:58:47,78.98,78.99
2017-04-13 09:58:48,78.97,78.98
2017-04-13 09:58:49,78.97,78.98
2017-04-13 09:58:50,78.97,78.98
2017-04-13 09:58:51,78.96,78.97
2017-04-13 09:58:52,78.97,78.99
2017-04-13 09:58:53,78.97,78.98
2017-04-13 09:58:54,78.96,78.97
2017-04-13 09:58:55,78.95,78.96
2017-04-13 09:58:56,78.95,78.96
2017-04-13 09:58:57,78.95,78.96
2017-04-13 09:58:58,78.95,78.96
2017-04-13 09:58:59,78.95,78.96
2017-04-13 09:59:00,78.95,78.96
2017-04-13 09:59:01,78.95,78.96
2017-04-13 09:59:02,78.95,78.96
2017-04-13 09:59:03,78.95,78.96
2017-04-13 09:59:04,78.95,78.96
2017-04-13 09:59:05,78.95,78.96
2017-04-13 09:59:06,78.95,78.96
2017-04-13 09:59:07,78.95,78.96
2017-04-13 09:59:08,78.95,78.96
2017-04-13 09:59:09,78.95,78.96
2017-04-13 09:59:10,78.95,78.96
2017-04-13 09:59:11,78.95,78.96
2017-04-13 09:59:12,78.95,78.96
2017-04-13 09:59:13,78.94,78.95
2017-04-13 09:59:14,78.94,78.95
2017-04-13 09:59:15,78.94,78.95
2017-04-13 09:59:16,78.92,78.93
2017-04-13 09:59:17,78.92,78.93
2017-04-13 09:59:18,78.92,78.93
2017-04-13 09:59:19,78.92,78.93
2017-04-13 09:59:20,78.92,78.93
2017-04-13 09:59:21,78.91,78.92
2017-04-13 09:59:22,78.91,78.92
2017-04-13 09:59:23,78.9,78.91
2017-04-13 09:59:24,78.91,78.92
2017-04-13 09:59:25,78.91,78.92
2017-04-13 09:59:26,78.91,78.92
2017-04-13 09:59:27,78.91,78.92
2017-04-13 09:59:28,78.91,78.92
2017-04-13 09:59:29,78.9,78.92
2017-04-13 09:59:30,78.9,78.91
2017-04-13 09:59:31,78.9,78.91
2017-04-13 09:59:32,78.9,78.91
2017-04-13 09:59:33,78.89,78.9
2017-04-13 09:59:34,78.9,78.91
2017-04-13 09:59:35,78.91,78.92
2017-04-13 09:59:36,78.91,78.92
2017-04-13 09:59:37,78.91,78.92
2017-04-13 09:59:38,78.9,78.92
2017-04-13 09:59:39,78.9,78.91
2017-04-13 09:59:40,78.9,78.91
2017-04-13 09:59:41,78.9,78.91
2017-04-13 09:59:42,78.9,78.91
2017-04-13 09:59:43,78.9,78.91
2017-04-13 09:59:44,78.9,78.91
2017-04-13 09:59:45,78.9,78.91
2017-04-13 09:59:46,78.9,78.91
2017-04-13 09:59:47,78.9,78.91
2017-04-13 09:59:48,78.9,78.91
2017-04-13 09:59:49,78.9,78.91
2017-04-13 09:59:50,78.9,78.91
2017-04-13 09:59:51,78.9,78.91
2017-04-13 09:59:52,78.91,78.93
2017-04-13 09:59:53,78.91,78.92
2017-04-13 09:59:54,78.91,78.92
2017-04-13 09:59:55,78.91,78.92
2017-04-13 09:59:56,78.91,78.92
2017-04-13 09:59:57,78.9,78.92
2017-04-13 09:59:58,78.89,78.91
2017-04-13 09:59:59,78.89,78.91
2017-04-13 10:00:00,78.91,78.92
2017-04-13 10:00:01,78.89,78.91
2017-04-13 10:00:02,78.89,78.91
2017-04-13 10:00:03,78.88,78.89
2017-04-13 10:00:04,78.88,78.89
2017-04-13 10:00:05,78.88,78.89
2017-04-13 10:00:06,78.91,78.92
2017-04-13 10:00:07,78.9,78.91
2017-04-13 10:00:08,78.89,78.91
2017-04-13 10:00:09,78.89,78.9
2017-04-13 10:00:10,78.9,78.92
2017-04-13 10:00:11,78.9,78.92
2017-04-13 10:00:12,78.9,78.92
2017-04-13 10:00:13,78.9,78.92
2017-04-13 10:00:14,78.9,78.92
2017-04-13 10:00:15,78.9,78.91
2017-04-13 10:00:16,78.9,78.91
2017-04-13 10:00:17,78.9,78.92
2017-04-13 10:00:18,78.9,78.92
2017-04-13 10:00:19,78.9,78.92
2017-04-13 10:00:20,78.9,78.92
2017-04-13 10:00:21,78.9,78.92
2017-04-13 10:00:22,78.9,78.93
2017-04-13 10:00:23,78.9,78.93
2017-04-13 10:00:24,78.9,78.93
2017-04-13 10:00:25,78.9,78.93
2017-04-13 10:00:26,78.9,78.93
2017-04-13 10:00:27,78.9,78.93
2017-04-13 10:00:28,78.9,78.93
2017-04-13 10:00:29,78.9,78.93
2017-04-13 10:00:30,78.9,78.93
2017-04-13 10:00:31,78.9,78.93
2017-04-13 10:00:32,78.9,78.93
2017-04-13 10:00:33,78.9,78.93
2017-04-13 10:00:34,78.9,78.92
2017-04-13 10:00:35,78.9,78.92
2017-04-13 10:00:36,78.9,78.92
2017-04-13 10:00:37,78.9,78.92
2017-04-13 10:00:38,78.9,78.91
2017-04-13 10:00:39,78.9,78.91
2017-04-13 10:00:40,78.9,78.91
2017-04-13 10:00:41,78.9,78.91
2017-04-13 10:00:42,78.9,78.91
2017-04-13 10:00:43,78.9,78.91
2017-04-13 10:00:44,78.9,78.91
2017-04-13 10:00:45,78.91,78.93
2017-04-13 10:00:46,78.91,78.93
2017-04-13 10:00:47,78.91,78.93
2017-04-13 10:00:48,78.91,78.93
2017-04-13 10:00:49,78.91,78.93
2017-04-13 10:00:50,78.9,78.92
2017-04-13 10:00:51,78.9,78.92
2017-04-13 10:00:52,78.9,78.92
2017-04-13 10:00:53,78.9,78.92
2017-04-13 10:00:54,78.9,78.92
2017-04-13 10:00:55,78.9,78.91
2017-04-13 10:00:56,78.9,78.91
2017-04-13 10:00:57,78.9,78.91
2017-04-13 10:00:58,78.9,78.91
2017-04-13 10:00:59,78.9,78.91
2017-04-13 10:01:00,78.9,78.91
2017-04-13 10:01:01,78.9,78.91
2017-04-13 10:01:02,78.92,78.93
2017-04-13 10:01:03,78.92,78.93
2017-04-13 10:01:04,78.92,78.93
2017-04-13 10:01:05,78.91,78.92
2017-04-13 10:01:06,78.91,78.93
2017-04-13 10:01:07,78.93,78.94
2017-04-13 10:01:08,78.91,78.93
2017-04-13 10:01:09,78.91,78.93
2017-04-13 10:01:10,78.91,78.93
2017-04-13 10:01:11,78.91,78.93
2017-04-13 10:01:12,78.91,78.93
2017-04-13 10:01:13,78.91,78.93
2017-04-13 10:01:14,78.91,78.93
2017-04-13 10:01:15,78.91,78.93
2017-04-13 10:01:16,78.91,78.92
2017-04-13 10:01:17,78.92,78.94
2017-04-13 10:01:18,78.95,78.96
2017-04-13 10:01:19,78.95,78.96
2017-04-13 10:01:20,78.95,78.96
2017-04-13 10:01:21,78.97,78.98
2017-04-13 10:01:22,78.97,78.98
2017-04-13 10:01:23,78.97,78.98
2017-04-13 10:01:24,78.96,78.98
2017-04-13 10:01:25,78.97,78.98
2017-04-13 10:01:26,78.97,78.98
2017-04-13 10:01:27,78.97,78.98
2017-04-13 10:01:28,78.97,78.98
2017-04-13 10:01:29,78.97,78.98
2017-04-13 10:01:30,78.97,78.98
2017-04-13 10:01:31,78.98,78.99
2017-04-13 10:01:32,78.98,78.99
2017-04-13 10:01:33,78.98,78.99
2017-04-13 10:01:34,78.98,78.99
2017-04-13 10:01:35,78.99,79.0
2017-04-13 10:01:36,78.99,79.0
2017-04-13 10:01:37,78.99,79.0
2017-04-13 10:01:38,78.99,79.0
2017-04-13 10:01:39,78.97,78.98
2017-04-13 10:01:40,78.96,78.98
2017-04-13 10:01:41,78.96,78.98
2017-04-13 10:01:42,78.96,78.98
2017-04-13 10:01:43,78.96,78.98
2017-04-13 10:01:44,78.98,78.99
2017-04-13 10:01:45,78.98,78.99
2017-04-13 10:01:46,78.98,78.99
2017-04-13 10:01:47,78.99,79.0
2017-04-13 10:01:48,78.99,79.0
2017-04-13 10:01:49,78.99,79.0
2017-04-13 10:01:50,78.99,79.0
2017-04-13 10:01:51,79.0,79.02
2017-04-13 10:01:52,79.01,79.02
2017-04-13 10:01:53,79.01,79.02
2017-04-13 10:01:54,79.01,79.02
2017-04-13 10:01:55,79.01,79.02
2017-04-13 10:01:56,79.01,79.03
2017-04-13 10:01:57,79.01,79.03
2017-04-13 10:01:58,79.01,79.03
2017-04-13 10:01:59,79.01,79.02
2017-04-13 10:02:00,79.01,79.02
2017-04-13 10:02:01,79.01,79.02
2017-04-13 10:02:02,79.01,79.02
2017-04-13 10:02:03,79.04,79.05
2017-04-13 10:02:04,79.04,79.05
2017-04-13 10:02:05,79.04,79.05
2017-04-13 10:02:06,79.04,79.05
2017-04-13 10:02:07,79.04,79.05
2017-04-13 10:02:08,79.05,79.06
2017-04-13 10:02:09,79.08,79.09
2017-04-13 10:02:10,79.07,79.09
2017-04-13 10:02:11,79.08,79.09
2017-04-13 10:02:12,79.08,79.09
2017-04-13 10:02:13,79.08,79.09
2017-04-13 10:02:14,79.07,79.08
2017-04-13 10:02:15,79.07,79.08
2017-04-13 10:02:16,79.07,79.08
2017-04-13 10:02:17,79.07,79.08
2017-04-13 10:02:18,79.07,79.08
2017-04-13 10:02:19,79.07,79.08
2017-04-13 10:02:20,79.07,79.08
2017-04-13 10:02:21,79.08,79.09
2017-04-13 10:02:22,79.08,79.09
2017-04-13 10:02:23,79.08,79.09
2017-04-13 10:02:24,79.08,79.09
2017-04-13 10:02:25,79.06,79.07
2017-04-13 10:02:26,79.06,79.07
2017-04-13 10:02:27,79.05,79.06
2017-04-13 10:02:28,79.07,79.09
2017-04-13 10:02:29,79.06,79.08
2017-04-13 10:02:30,79.07,79.08
2017-04-13 10:02:31,79.07,79.08
2017-04-13 10:02:32,79.07,79.09
2017-04-13 10:02:33,79.08,79.09
2017-04-13 10:02:34,79.07,79.08
2017-04-13 10:02:35,79.05,79.07
2017-04-13 10:02:36,79.06,79.08
2017-04-13 10:02:37,79.06,79.08
2017-04-13 10:02:38,79.06,79.08
2017-04-13 10:02:39,79.06,79.07
2017-04-13 10:02:40,79.06,79.08
2017-04-13 10:02:41,79.06,79.08
2017-04-13 10:02:42,79.06,79.08
2017-04-13 10:02:43,79.07,79.08
2017-04-13 10:02:44,79.07,79.08
2017-04-13 10:02:45,79.07,79.08
2017-04-13 10:02:46,79.07,79.08
2017-04-13 10:02:47,79.07,79.08
2017-04-13 10:02:48,79.08,79.1
2017-04-13 10:02:49,79.08,79.1
2017-04-13 10:02:50,79.07,79.09
2017-04-13 10:02:51,79.07,79.09
2017-04-13 10:02:52,79.07,79.09
2017-04-13 10:02:53,79.08,79.09
2017-04-13 10:02:54,79.08,79.09
2017-04-13 10:02:55,79.08,79.09
2017-04-13 10:02:56,79.08,79.09
2017-04-13 10:02:57,79.08,79.09
2017-04-13 10:02:58,79.1,79.1
2017-04-13 10:02:59,79.12,79.14
2017-04-13 10:03:00,79.12,79.13
2017-04-13 10:03:01,79.11,79.12
2017-04-13 10:03:02,79.11,79.12
2017-04-13 10:03:03,79.11,79.12
2017-04-13 10:03:04,79.11,79.12
2017-04-13 10:03:05,79.11,79.12
2017-04-13 10:03:06,79.11,79.12
2017-04-13 10:03:07,79.1,79.11
2017-04-13 10:03:08,79.1,79.12
2017-04-13 10:03:09,79.1,79.12
2017-04-13 10:03:10,79.1,79.11
2017-04-13 10:03:11,79.1,79.11
2017-04-13 10:03:12,79.1,79.11
2017-04-13 10:03:13,79.1,79.11
2017-04-13 10:03:14,79.1,79.11
2017-04-13 10:03:15,79.1,79.11
2017-04-13 10:03:16,79.1,79.11
2017-04-13 10:03:17,79.1,79.11
2017-04-13 10:03:18,79.1,79.11
2017-04-13 10:03:19,79.1,79.11
2017-04-13 10:03:20,79.1,79.11
2017-04-13 10:03:21,79.1,79.11
2017-04-13 10:03:22,79.11,79.12
2017-04-13 10:03:23,79.11,79.12
2017-04-13 10:03:24,79.11,79.12
2017-04-13 10:03:25,79.11,79.12
2017-04-13 10:03:26,79.11,79.12
2017-04-13 10:03:27,79.11,79.12
2017-04-13 10:03:28,79.1,79.11
2017-04-13 10:03:29,79.1,79.11
2017-04-13 10:03:30,79.1,79.11
2017-04-13 10:03:31,79.1,79.11
2017-04-13 10:03:32,79.1,79.11
2017-04-13 10:03:33,79.1,79.11
2017-04-13 10:03:34,79.08,79.1
2017-04-13 10:03:35,79.09,79.1
2017-04-13 10:03:36,79.12,79.14
2017-04-13 10:03:37,79.12,79.14
2017-04-13 10:03:38,79.12,79.14
2017-04-13 10:03:39,79.12,79.14
2017-04-13 10:03:40,79.12,79.14
2017-04-13 10:03:41,79.13,79.14
2017-04-13 10:03:42,79.13,79.14
2017-04-13 10:03:43,79.13,79.14
2017-04-13 10:03:44,79.13,79.14
2017-04-13 10:03:45,79.13,79.14
2017-04-13 10:03:46,79.13,79.14
2017-04-13 10:03:47,79.13,79.14
2017-04-13 10:03:48,79.13,79.14
2017-04-13 10:03:49,79.13,79.14
2017-04-13 10:03:50,79.13,79.14
2017-04-13 10:03:51,79.11,79.13
2017-04-13 10:03:52,79.12,79.14
2017-04-13 10:03:53,79.12,79.14
2017-04-13 10:03:54,79.11,79.14
2017-04-13 10:03:55,79.11,79.14
2017-04-13 10:03:56,79.11,79.14
2017-04-13 10:03:57,79.11,79.14
2017-04-13 10:03:58,79.11,79.14
2017-04-13 10:03:59,79.11,79.14
2017-04-13 10:04:00,79.11,79.14
2017-04-13 10:04:01,79.11,79.14
2017-04-13 10:04:02,79.11,79.14
2017-04-13 10:04:03,79.11,79.14
2017-04-13 10:04:04,79.11,79.14
2017-04-13 10:04:05,79.11,79.14
2017-04-13 10:04:06,79.11,79.14
2017-04-13 10:04:07,79.1,79.14
2017-04-13 10:04:08,79.1,79.14
2017-04-13 10:04:09,79.1,79.14
2017-04-13 10:04:10,79.1,79.14
2017-04-13 10:04:11,79.1,79.14
2017-04-13 10:04:12,79.1,79.14
2017-04-13 10:04:13,79.1,79.14
2017-04-13 10:04:14,79.1,79.14
2017-04-13 10:04:15,79.1,79.14
2017-04-13 10:04:16,79.1,79.14
2017-04-13 10:04:17,79.1,79.14
2017-04-13 10:04:18,79.1,79.14
2017-04-13 10:04:19,79.1,79.14
2017-04-13 10:04:20,79.1,79.14
2017-04-13 10:04:21,79.1,79.14
2017-04-13 10:04:22,79.1,79.14
2017-04-13 10:04:23,79.1,79.14
2017-04-13 10:04:24,79.1,79.14
2017-04-13 10:04:25,79.1,79.14
2017-04-13 10:04:26,79.1,79.14
2017-04-13 10:04:27,79.1,79.14
2017-04-13 10:04:28,79.1,79.14
2017-04-13 10:04:29,79.1,79.14
2017-04-13 10:04:30,79.1,79.14
2017-04-13 10:04:31,79.1,79.14
2017-04-13 10:04:32,79.1,79.14
2017-04-13 10:04:33,79.1,79.14
2017-04-13 10:04:34,79.1,79.14
2017-04-13 10:04:35,79.1,79.14
2017-04-13 10:04:36,79.1,79.14
2017-04-13 10:04:37,79.1,79.14
2017-04-13 10:04:38,79.1,79.14
2017-04-13 10:04:39,79.1,79.14
2017-04-13 10:04:40,79.1,79.14
2017-04-13 10:04:41,79.1,79.14
2017-04-13 10:04:42,79.1,79.14
2017-04-13 10:04:43,79.1,79.14
2017-04-13 10:04:44,79.1,79.14
2017-04-13 10:04:45,79.1,79.14
2017-04-13 10:04:46,79.1,79.14
2017-04-13 10:04:47,79.1,79.14
2017-04-13 10:04:48,79.1,79.14
2017-04-13 10:04:49,79.1,79.14
2017-04-13 10:04:50,79.1,79.14
2017-04-13 10:04:51,79.1,79.14
2017-04-13 10:04:52,79.1,79.14
2017-04-13 10:04:53,79.14,79.15
2017-04-13 10:04:54,79.14,79.15
2017-04-13 10:04:55,79.14,79.15
2017-04-13 10:04:56,79.14,79.15
2017-04-13 10:04:57,79.14,79.15
2017-04-13 10:04:58,79.14,79.15
2017-04-13 10:04:59,79.14,79.15
2017-04-13 10:05:00,79.15,79.17
2017-04-13 10:05:01,79.15,79.17
2017-04-13 10:05:02,79.15,79.16
2017-04-13 10:05:03,79.15,79.16
2017-04-13 10:05:04,79.15,79.16
2017-04-13 10:05:05,79.15,79.16
2017-04-13 10:05:06,79.15,79.16
2017-04-13 10:05:07,79.15,79.16
2017-04-13 10:05:08,79.15,79.16
2017-04-13 10:05:09,79.15,79.16
2017-04-13 10:05:10,79.15,79.16
2017-04-13 10:05:11,79.15,79.16
2017-04-13 10:05:12,79.15,79.16
2017-04-13 10:05:13,79.15,79.16
2017-04-13 10:05:14,79.14,79.15
2017-04-13 10:05:15,79.14,79.15
2017-04-13 10:05:16,79.14,79.15
2017-04-13 10:05:17,79.14,79.15
2017-04-13 10:05:18,79.13,79.14
2017-04-13 10:05:19,79.13,79.14
2017-04-13 10:05:20,79.13,79.14
2017-04-13 10:05:21,79.12,79.14
2017-04-13 10:05:22,79.12,79.14
2017-04-13 10:05:23,79.12,79.14
2017-04-13 10:05:24,79.12,79.14
2017-04-13 10:05:25,79.12,79.14
2017-04-13 10:05:26,79.12,79.14
2017-04-13 10:05:27,79.12,79.14
2017-04-13 10:05:28,79.12,79.14
2017-04-13 10:05:29,79.13,79.14
2017-04-13 10:05:30,79.13,79.14
2017-04-13 10:05:31,79.13,79.14
2017-04-13 10:05:32,79.13,79.14
2017-04-13 10:05:33,79.13,79.14
2017-04-13 10:05:34,79.14,79.15
2017-04-13 10:05:35,79.14,79.15
2017-04-13 10:05:36,79.14,79.15
2017-04-13 10:05:37,79.14,79.15
2017-04-13 10:05:38,79.14,79.15
2017-04-13 10:05:39,79.14,79.15
2017-04-13 10:05:40,79.15,79.16
2017-04-13 10:05:41,79.15,79.16
2017-04-13 10:05:42,79.14,79.16
2017-04-13 10:05:43,79.14,79.16
2017-04-13 10:05:44,79.14,79.16
2017-04-13 10:05:45,79.14,79.16
2017-04-13 10:05:46,79.14,79.16
2017-04-13 10:05:47,79.14,79.16
2017-04-13 10:05:48,79.14,79.16
2017-04-13 10:05:49,79.14,79.16
2017-04-13 10:05:50,79.14,79.16
2017-04-13 10:05:51,79.14,79.16
2017-04-13 10:05:52,79.14,79.16
2017-04-13 10:05:53,79.14,79.16
2017-04-13 10:05:54,79.14,79.16
2017-04-13 10:05:55,79.14,79.16
2017-04-13 10:05:56,79.15,79.16
2017-04-13 10:05:57,79.15,79.16
2017-04-13 10:05:58,79.15,79.16
2017-04-13 10:05:59,79.15,79.16
2017-04-13 10:06:00,79.15,79.16
2017-04-13 10:06:01,79.15,79.16
2017-04-13 10:06:02,79.15,79.16
2017-04-13 10:06:03,79.15,79.16
2017-04-13 10:06:04,79.16,79.17
2017-04-13 10:06:05,79.16,79.17
2017-04-13 10:06:06,79.15,79.16
2017-04-13 10:06:07,79.15,79.16
2017-04-13 10:06:08,79.14,79.15
2017-04-13 10:06:09,79.14,79.15
2017-04-13 10:06:10,79.14,79.15
2017-04-13 10:06:11,79.14,79.15
2017-04-13 10:06:12,79.13,79.14
2017-04-13 10:06:13,79.13,79.14
2017-04-13 10:06:14,79.13,79.14
2017-04-13 10:06:15,79.13,79.14
2017-04-13 10:06:16,79.13,79.14
2017-04-13 10:06:17,79.13,79.14
2017-04-13 10:06:18,79.13,79.14
2017-04-13 10:06:19,79.12,79.14
2017-04-13 10:06:20,79.12,79.14
2017-04-13 10:06:21,79.11,79.12
2017-04-13 10:06:22,79.1,79.11
2017-04-13 10:06:23,79.12,79.13
2017-04-13 10:06:24,79.11,79.12
2017-04-13 10:06:25,79.09,79.11
2017-04-13 10:06:26,79.09,79.11
2017-04-13 10:06:27,79.09,79.11
2017-04-13 10:06:28,79.09,79.11
2017-04-13 10:06:29,79.1,79.13
2017-04-13 10:06:30,79.1,79.13
2017-04-13 10:06:31,79.1,79.13
2017-04-13 10:06:32,79.1,79.13
2017-04-13 10:06:33,79.09,79.12
2017-04-13 10:06:34,79.1,79.12
2017-04-13 10:06:35,79.1,79.12
2017-04-13 10:06:36,79.1,79.12
2017-04-13 10:06:37,79.1,79.12
2017-04-13 10:06:38,79.1,79.12
2017-04-13 10:06:39,79.1,79.12
2017-04-13 10:06:40,79.1,79.12
2017-04-13 10:06:41,79.1,79.13
2017-04-13 10:06:42,79.1,79.13
2017-04-13 10:06:43,79.1,79.13
2017-04-13 10:06:44,79.09,79.13
2017-04-13 10:06:45,79.09,79.12
2017-04-13 10:06:46,79.09,79.11
2017-04-13 10:06:47,79.09,79.11
2017-04-13 10:06:48,79.09,79.11
2017-04-13 10:06:49,79.09,79.11
2017-04-13 10:06:50,79.08,79.11
2017-04-13 10:06:51,79.08,79.11
2017-04-13 10:06:52,79.08,79.1
2017-04-13 10:06:53,79.08,79.1
2017-04-13 10:06:54,79.08,79.1
2017-04-13 10:06:55,79.08,79.09
2017-04-13 10:06:56,79.08,79.09
2017-04-13 10:06:57,79.06,79.08
2017-04-13 10:06:58,79.06,79.08
2017-04-13 10:06:59,79.06,79.08
2017-04-13 10:07:00,79.07,79.08
2017-04-13 10:07:01,79.07,79.08
2017-04-13 10:07:02,79.06,79.08
2017-04-13 10:07:03,79.06,79.08
2017-04-13 10:07:04,79.06,79.08
2017-04-13 10:07:05,79.06,79.08
2017-04-13 10:07:06,79.05,79.08
2017-04-13 10:07:07,79.06,79.08
2017-04-13 10:07:08,79.06,79.08
2017-04-13 10:07:09,79.05,79.08
2017-04-13 10:07:10,79.05,79.08
2017-04-13 10:07:11,79.05,79.08
2017-04-13 10:07:12,79.05,79.08
2017-04-13 10:07:13,79.05,79.08
2017-04-13 10:07:14,79.04,79.08
2017-04-13 10:07:15,79.04,79.08
2017-04-13 10:07:16,79.04,79.08
2017-04-13 10:07:17,79.04,79.08
2017-04-13 10:07:18,79.05,79.07
2017-04-13 10:07:19,79.07,79.08
2017-04-13 10:07:20,79.05,79.08
2017-04-13 10:07:21,79.05,79.08
2017-04-13 10:07:22,79.06,79.08
2017-04-13 10:07:23,79.05,79.07
2017-04-13 10:07:24,79.05,79.08
2017-04-13 10:07:25,79.05,79.08
2017-04-13 10:07:26,79.07,79.08
2017-04-13 10:07:27,79.06,79.07
2017-04-13 10:07:28,79.06,79.07
2017-04-13 10:07:29,79.06,79.07
2017-04-13 10:07:30,79.06,79.07
2017-04-13 10:07:31,79.06,79.07
2017-04-13 10:07:32,79.06,79.07
2017-04-13 10:07:33,79.06,79.07
2017-04-13 10:07:34,79.06,79.07
2017-04-13 10:07:35,79.06,79.07
2017-04-13 10:07:36,79.06,79.07
2017-04-13 10:07:37,79.06,79.07
2017-04-13 10:07:38,79.06,79.07
2017-04-13 10:07:39,79.06,79.07
2017-04-13 10:07:40,79.06,79.07
2017-04-13 10:07:41,79.06,79.07
2017-04-13 10:07:42,79.06,79.07
2017-04-13 10:07:43,79.06,79.07
2017-04-13 10:07:44,79.05,79.07
2017-04-13 10:07:45,79.05,79.06
2017-04-13 10:07:46,79.05,79.06
2017-04-13 10:07:47,79.05,79.06
2017-04-13 10:07:48,79.05,79.06
2017-04-13 10:07:49,79.05,79.07
2017-04-13 10:07:50,79.05,79.07
2017-04-13 10:07:51,79.05,79.07
2017-04-13 10:07:52,79.05,79.07
2017-04-13 10:07:53,79.05,79.07
2017-04-13 10:07:54,79.05,79.07
2017-04-13 10:07:55,79.05,79.07
2017-04-13 10:07:56,79.05,79.07
2017-04-13 10:07:57,79.05,79.07
2017-04-13 10:07:58,79.05,79.07
2017-04-13 10:07:59,79.05,79.07
2017-04-13 10:08:00,79.05,79.06
2017-04-13 10:08:01,79.05,79.06
2017-04-13 10:08:02,79.04,79.06
2017-04-13 10:08:03,79.04,79.06
2017-04-13 10:08:04,79.04,79.06
2017-04-13 10:08:05,79.04,79.06
2017-04-13 10:08:06,79.04,79.06
2017-04-13 10:08:07,79.03,79.04
2017-04-13 10:08:08,79.02,79.04
2017-04-13 10:08:09,79.02,79.04
2017-04-13 10:08:10,79.02,79.04
2017-04-13 10:08:11,79.03,79.04
2017-04-13 10:08:12,79.03,79.04
2017-04-13 10:08:13,79.04,79.06
2017-04-13 10:08:14,79.05,79.06
2017-04-13 10:08:15,79.03,79.05
2017-04-13 10:08:16,79.04,79.05
2017-04-13 10:08:17,79.04,79.05
2017-04-13 10:08:18,79.04,79.05
2017-04-13 10:08:19,79.04,79.05
2017-04-13 10:08:20,79.04,79.05
2017-04-13 10:08:21,79.04,79.05
2017-04-13 10:08:22,79.04,79.05
2017-04-13 10:08:23,79.05,79.06
2017-04-13 10:08:24,79.06,79.07
2017-04-13 10:08:25,79.06,79.07
2017-04-13 10:08:26,79.06,79.07
2017-04-13 10:08:27,79.06,79.07
2017-04-13 10:08:28,79.06,79.07
2017-04-13 10:08:29,79.06,79.07
2017-04-13 10:08:30,79.05,79.07
2017-04-13 10:08:31,79.05,79.07
2017-04-13 10:08:32,79.04,79.06
2017-04-13 10:08:33,79.04,79.06
2017-04-13 10:08:34,79.04,79.06
2017-04-13 10:08:35,79.04,79.06
2017-04-13 10:08:36,79.04,79.06
2017-04-13 10:08:37,79.04,79.06
2017-04-13 10:08:38,79.04,79.06
2017-04-13 10:08:39,79.05,79.07
2017-04-13 10:08:40,79.04,79.06
2017-04-13 10:08:41,79.04,79.06
2017-04-13 10:08:42,79.04,79.06
2017-04-13 10:08:43,79.04,79.06
2017-04-13 10:08:44,79.04,79.06
2017-04-13 10:08:45,79.04,79.06
2017-04-13 10:08:46,79.04,79.06
2017-04-13 10:08:47,79.04,79.06
2017-04-13 10:08:48,79.04,79.06
2017-04-13 10:08:49,79.04,79.06
2017-04-13 10:08:50,79.05,79.06
2017-04-13 10:08:51,79.04,79.06
2017-04-13 10:08:52,79.04,79.07
2017-04-13 10:08:53,79.05,79.07
2017-04-13 10:08:54,79.05,79.07
2017-04-13 10:08:55,79.05,79.06
2017-04-13 10:08:56,79.05,79.06
2017-04-13 10:08:57,79.04,79.05
2017-04-13 10:08:58,79.02,79.04
2017-04-13 10:08:59,79.02,79.04
2017-04-13 10:09:00,79.01,79.02
2017-04-13 10:09:01,79.01,79.02
2017-04-13 10:09:02,79.01,79.02
2017-04-13 10:09:03,79.01,79.02
2017-04-13 10:09:04,79.01,79.02
2017-04-13 10:09:05,79.01,79.02
2017-04-13 10:09:06,79.01,79.02
2017-04-13 10:09:07,79.01,79.02
2017-04-13 10:09:08,79.01,79.02
2017-04-13 10:09:09,79.02,79.04
2017-04-13 10:09:10,79.03,79.04
2017-04-13 10:09:11,79.03,79.04
2017-04-13 10:09:12,79.04,79.05
2017-04-13 10:09:13,79.04,79.06
2017-04-13 10:09:14,79.04,79.06
2017-04-13 10:09:15,79.04,79.06
2017-04-13 10:09:16,79.04,79.06
2017-04-13 10:09:17,79.04,79.06
2017-04-13 10:09:18,79.04,79.06
2017-04-13 10:09:19,79.04,79.06
2017-04-13 10:09:20,79.04,79.06
2017-04-13 10:09:21,79.04,79.06
2017-04-13 10:09:22,79.04,79.06
2017-04-13 10:09:23,79.04,79.06
2017-04-13 10:09:24,79.06,79.07
2017-04-13 10:09:25,79.06,79.08
2017-04-13 10:09:26,79.06,79.08
2017-04-13 10:09:27,79.06,79.08
2017-04-13 10:09:28,79.07,79.08
2017-04-13 10:09:29,79.05,79.07
2017-04-13 10:09:30,79.05,79.08
2017-04-13 10:09:31,79.07,79.09
2017-04-13 10:09:32,79.07,79.09
2017-04-13 10:09:33,79.07,79.09
2017-04-13 10:09:34,79.07,79.09
2017-04-13 10:09:35,79.07,79.09
2017-04-13 10:09:36,79.07,79.09
2017-04-13 10:09:37,79.07,79.09
2017-04-13 10:09:38,79.07,79.09
2017-04-13 10:09:39,79.07,79.09
2017-04-13 10:09:40,79.06,79.07
2017-04-13 10:09:41,79.07,79.08
2017-04-13 10:09:42,79.07,79.08
2017-04-13 10:09:43,79.07,79.08
2017-04-13 10:09:44,79.07,79.08
2017-04-13 10:09:45,79.07,79.08
2017-04-13 10:09:46,79.07,79.08
2017-04-13 10:09:47,79.07,79.08
2017-04-13 10:09:48,79.08,79.09
2017-04-13 10:09:49,79.08,79.09
2017-04-13 10:09:50,79.08,79.09
2017-04-13 10:09:51,79.09,79.1
2017-04-13 10:09:52,79.1,79.11
2017-04-13 10:09:53,79.1,79.11
2017-04-13 10:09:54,79.1,79.11
2017-04-13 10:09:55,79.1,79.11
2017-04-13 10:09:56,79.09,79.1
2017-04-13 10:09:57,79.09,79.1
2017-04-13 10:09:58,79.08,79.11
2017-04-13 10:09:59,79.09,79.11
2017-04-13 10:10:00,79.09,79.11
2017-04-13 10:10:01,79.09,79.11
2017-04-13 10:10:02,79.09,79.1
2017-04-13 10:10:03,79.08,79.1
2017-04-13 10:10:04,79.08,79.09
2017-04-13 10:10:05,79.08,79.09
2017-04-13 10:10:06,79.08,79.09
2017-04-13 10:10:07,79.08,79.09
2017-04-13 10:10:08,79.08,79.09
2017-04-13 10:10:09,79.08,79.09
2017-04-13 10:10:10,79.08,79.09
2017-04-13 10:10:11,79.08,79.09
2017-04-13 10:10:12,79.08,79.09
2017-04-13 10:10:13,79.08,79.09
2017-04-13 10:10:14,79.08,79.09
2017-04-13 10:10:15,79.08,79.09
2017-04-13 10:10:16,79.08,79.09
2017-04-13 10:10:17,79.08,79.09
2017-04-13 10:10:18,79.08,79.09
2017-04-13 10:10:19,79.08,79.09
2017-04-13 10:10:20,79.1,79.11
2017-04-13 10:10:21,79.1,79.11
2017-04-13 10:10:22,79.1,79.11
2017-04-13 10:10:23,79.1,79.11
2017-04-13 10:10:24,79.1,79.11
2017-04-13 10:10:25,79.1,79.11
2017-04-13 10:10:26,79.1,79.11
2017-04-13 10:10:27,79.1,79.11
2017-04-13 10:10:28,79.1,79.11
2017-04-13 10:10:29,79.1,79.11
2017-04-13 10:10:30,79.1,79.11
2017-04-13 10:10:31,79.1,79.11
2017-04-13 10:10:32,79.1,79.11
2017-04-13 10:10:33,79.12,79.13
2017-04-13 10:10:34,79.12,79.13
2017-04-13 10:10:35,79.12,79.13
2017-04-13 10:10:36,79.12,79.13
2017-04-13 10:10:37,79.12,79.13
2017-04-13 10:10:38,79.12,79.13
2017-04-13 10:10:39,79.12,79.13
2017-04-13 10:10:40,79.12,79.13
2017-04-13 10:10:41,79.12,79.13
2017-04-13 10:10:42,79.12,79.13
2017-04-13 10:10:43,79.12,79.13
2017-04-13 10:10:44,79.12,79.13
2017-04-13 10:10:45,79.12,79.13
2017-04-13 10:10:46,79.12,79.13
2017-04-13 10:10:47,79.12,79.13
2017-04-13 10:10:48,79.13,79.14
2017-04-13 10:10:49,79.13,79.14
2017-04-13 10:10:50,79.13,79.15
2017-04-13 10:10:51,79.13,79.15
2017-04-13 10:10:52,79.13,79.15
2017-04-13 10:10:53,79.13,79.15
2017-04-13 10:10:54,79.14,79.15
2017-04-13 10:10:55,79.14,79.15
2017-04-13 10:10:56,79.14,79.15
2017-04-13 10:10:57,79.12,79.13
2017-04-13 10:10:58,79.12,79.13
2017-04-13 10:10:59,79.12,79.13
2017-04-13 10:11:00,79.12,79.13
2017-04-13 10:11:01,79.12,79.13
2017-04-13 10:11:02,79.12,79.13
2017-04-13 10:11:03,79.12,79.13
2017-04-13 10:11:04,79.12,79.13
2017-04-13 10:11:05,79.12,79.13
2017-04-13 10:11:06,79.12,79.13
2017-04-13 10:11:07,79.12,79.13
2017-04-13 10:11:08,79.12,79.13
2017-04-13 10:11:09,79.12,79.13
2017-04-13 10:11:10,79.12,79.13
2017-04-13 10:11:11,79.12,79.13
2017-04-13 10:11:12,79.12,79.13
2017-04-13 10:11:13,79.12,79.13
2017-04-13 10:11:14,79.12,79.13
2017-04-13 10:11:15,79.12,79.13
2017-04-13 10:11:16,79.12,79.13
2017-04-13 10:11:17,79.12,79.13
2017-04-13 10:11:18,79.12,79.13
2017-04-13 10:11:19,79.15,79.16
2017-04-13 10:11:20,79.15,79.16
2017-04-13 10:11:21,79.15,79.16
2017-04-13 10:11:22,79.15,79.16
2017-04-13 10:11:23,79.15,79.16
2017-04-13 10:11:24,79.15,79.16
2017-04-13 10:11:25,79.15,79.16
2017-04-13 10:11:26,79.15,79.16
2017-04-13 10:11:27,79.15,79.16
2017-04-13 10:11:28,79.15,79.16
2017-04-13 10:11:29,79.15,79.16
2017-04-13 10:11:30,79.15,79.16
2017-04-13 10:11:31,79.15,79.16
2017-04-13 10:11:32,79.15,79.16
2017-04-13 10:11:33,79.15,79.16
2017-04-13 10:11:34,79.15,79.16
2017-04-13 10:11:35,79.15,79.16
2017-04-13 10:11:36,79.16,79.17
2017-04-13 10:11:37,79.16,79.17
2017-04-13 10:11:38,79.16,79.17
2017-04-13 10:11:39,79.16,79.17
2017-04-13 10:11:40,79.14,79.15
2017-04-13 10:11:41,79.14,79.15
2017-04-13 10:11:42,79.14,79.15
2017-04-13 10:11:43,79.14,79.15
2017-04-13 10:11:44,79.14,79.15
2017-04-13 10:11:45,79.14,79.15
2017-04-13 10:11:46,79.14,79.15
2017-04-13 10:11:47,79.14,79.15
2017-04-13 10:11:48,79.14,79.15
2017-04-13 10:11:49,79.14,79.15
2017-04-13 10:11:50,79.14,79.15
2017-04-13 10:11:51,79.14,79.15
2017-04-13 10:11:52,79.14,79.15
2017-04-13 10:11:53,79.14,79.15
2017-04-13 10:11:54,79.14,79.15
2017-04-13 10:11:55,79.14,79.15
2017-04-13 10:11:56,79.14,79.15
2017-04-13 10:11:57,79.14,79.15
2017-04-13 10:11:58,79.14,79.15
2017-04-13 10:11:59,79.14,79.15
2017-04-13 10:12:00,79.14,79.15
2017-04-13 10:12:01,79.12,79.13
2017-04-13 10:12:02,79.12,79.13
2017-04-13 10:12:03,79.12,79.13
2017-04-13 10:12:04,79.12,79.13
2017-04-13 10:12:05,79.12,79.13
2017-04-13 10:12:06,79.12,79.13
2017-04-13 10:12:07,79.12,79.13
2017-04-13 10:12:08,79.12,79.13
2017-04-13 10:12:09,79.12,79.13
2017-04-13 10:12:10,79.12,79.13
2017-04-13 10:12:11,79.12,79.13
2017-04-13 10:12:12,79.12,79.13
2017-04-13 10:12:13,79.12,79.13
2017-04-13 10:12:14,79.12,79.13
2017-04-13 10:12:15,79.12,79.13
2017-04-13 10:12:16,79.12,79.13
2017-04-13 10:12:17,79.12,79.13
2017-04-13 10:12:18,79.12,79.13
2017-04-13 10:12:19,79.12,79.13
2017-04-13 10:12:20,79.12,79.13
2017-04-13 10:12:21,79.12,79.13
2017-04-13 10:12:22,79.12,79.13
2017-04-13 10:12:23,79.12,79.13
2017-04-13 10:12:24,79.12,79.13
2017-04-13 10:12:25,79.12,79.13
2017-04-13 10:12:26,79.12,79.13
2017-04-13 10:12:27,79.12,79.13
2017-04-13 10:12:28,79.12,79.13
2017-04-13 10:12:29,79.12,79.13
2017-04-13 10:12:30,79.12,79.13
2017-04-13 10:12:31,79.12,79.13
2017-04-13 10:12:32,79.12,79.13
2017-04-13 10:12:33,79.14,79.15
2017-04-13 10:12:34,79.14,79.15
2017-04-13 10:12:35,79.14,79.15
2017-04-13 10:12:36,79.13,79.14
2017-04-13 10:12:37,79.13,79.14
2017-04-13 10:12:38,79.13,79.14
2017-04-13 10:12:39,79.13,79.14
2017-04-13 10:12:40,79.13,79.14
2017-04-13 10:12:41,79.14,79.15
2017-04-13 10:12:42,79.14,79.15
2017-04-13 10:12:43,79.14,79.15
2017-04-13 10:12:44,79.14,79.15
2017-04-13 10:12:45,79.14,79.15
2017-04-13 10:12:46,79.14,79.15
2017-04-13 10:12:47,79.14,79.15
2017-04-13 10:12:48,79.14,79.15
2017-04-13 10:12:49,79.14,79.15
2017-04-13 10:12:50,79.14,79.15
2017-04-13 10:12:51,79.14,79.15
2017-04-13 10:12:52,79.14,79.15
2017-04-13 10:12:53,79.14,79.15
2017-04-13 10:12:54,79.14,79.15
2017-04-13 10:12:55,79.14,79.15
2017-04-13 10:12:56,79.14,79.15
2017-04-13 10:12:57,79.14,79.15
2017-04-13 10:12:58,79.14,79.15
2017-04-13 10:12:59,79.14,79.15
2017-04-13 10:13:00,79.14,79.15
2017-04-13 10:13:01,79.14,79.15
2017-04-13 10:13:02,79.14,79.15
2017-04-13 10:13:03,79.13,79.15
2017-04-13 10:13:04,79.13,79.14
2017-04-13 10:13:05,79.12,79.14
2017-04-13 10:13:06,79.12,79.14
2017-04-13 10:13:07,79.12,79.14
2017-04-13 10:13:08,79.12,79.13
2017-04-13 10:13:09,79.12,79.13
2017-04-13 10:13:10,79.12,79.13
2017-04-13 10:13:11,79.12,79.13
2017-04-13 10:13:12,79.12,79.13
2017-04-13 10:13:13,79.12,79.13
2017-04-13 10:13:14,79.12,79.13
2017-04-13 10:13:15,79.12,79.13
2017-04-13 10:13:16,79.12,79.13
2017-04-13 10:13:17,79.12,79.13
2017-04-13 10:13:18,79.12,79.13
2017-04-13 10:13:19,79.12,79.13
2017-04-13 10:13:20,79.12,79.13
2017-04-13 10:13:21,79.12,79.13
2017-04-13 10:13:22,79.12,79.13
2017-04-13 10:13:23,79.12,79.13
2017-04-13 10:13:24,79.12,79.13
2017-04-13 10:13:25,79.12,79.13
2017-04-13 10:13:26,79.12,79.13
2017-04-13 10:13:27,79.12,79.13
2017-04-13 10:13:28,79.12,79.13
2017-04-13 10:13:29,79.12,79.13
2017-04-13 10:13:30,79.12,79.13
2017-04-13 10:13:31,79.12,79.13
2017-04-13 10:13:32,79.12,79.13
2017-04-13 10:13:33,79.12,79.13
2017-04-13 10:13:34,79.12,79.13
2017-04-13 10:13:35,79.12,79.13
2017-04-13 10:13:36,79.12,79.13
2017-04-13 10:13:37,79.12,79.13
2017-04-13 10:13:38,79.12,79.13
2017-04-13 10:13:39,79.12,79.13
2017-04-13 10:13:40,79.12,79.13
2017-04-13 10:13:41,79.12,79.13
2017-04-13 10:13:42,79.12,79.13
2017-04-13 10:13:43,79.12,79.14
2017-04-13 10:13:44,79.12,79.14
2017-04-13 10:13:45,79.13,79.14
2017-04-13 10:13:46,79.12,79.13
2017-04-13 10:13:47,79.12,79.14
2017-04-13 10:13:48,79.12,79.14
2017-04-13 10:13:49,79.12,79.14
2017-04-13 10:13:50,79.12,79.14
2017-04-13 10:13:51,79.12,79.14
2017-04-13 10:13:52,79.12,79.14
2017-04-13 10:13:53,79.12,79.14
2017-04-13 10:13:54,79.12,79.14
2017-04-13 10:13:55,79.11,79.12
2017-04-13 10:13:56,79.11,79.12
2017-04-13 10:13:57,79.12,79.13
2017-04-13 10:13:58,79.11,79.12
2017-04-13 10:13:59,79.11,79.12
2017-04-13 10:14:00,79.11,79.12
2017-04-13 10:14:01,79.11,79.12
2017-04-13 10:14:02,79.11,79.12
2017-04-13 10:14:03,79.11,79.12
2017-04-13 10:14:04,79.11,79.12
2017-04-13 10:14:05,79.11,79.12
2017-04-13 10:14:06,79.11,79.12
2017-04-13 10:14:07,79.11,79.12
2017-04-13 10:14:08,79.13,79.14
2017-04-13 10:14:09,79.12,79.14
2017-04-13 10:14:10,79.12,79.13
2017-04-13 10:14:11,79.11,79.12
2017-04-13 10:14:12,79.11,79.12
2017-04-13 10:14:13,79.11,79.12
2017-04-13 10:14:14,79.11,79.12
2017-04-13 10:14:15,79.12,79.14
2017-04-13 10:14:16,79.12,79.14
2017-04-13 10:14:17,79.12,79.14
2017-04-13 10:14:18,79.13,79.14
2017-04-13 10:14:19,79.12,79.14
2017-04-13 10:14:20,79.12,79.14
2017-04-13 10:14:21,79.12,79.14
2017-04-13 10:14:22,79.12,79.14
2017-04-13 10:14:23,79.12,79.14
2017-04-13 10:14:24,79.12,79.14
2017-04-13 10:14:25,79.12,79.13
2017-04-13 10:14:26,79.11,79.12
2017-04-13 10:14:27,79.11,79.12
2017-04-13 10:14:28,79.11,79.12
2017-04-13 10:14:29,79.11,79.12
2017-04-13 10:14:30,79.11,79.12
2017-04-13 10:14:31,79.11,79.12
2017-04-13 10:14:32,79.11,79.12
2017-04-13 10:14:33,79.11,79.12
2017-04-13 10:14:34,79.11,79.12
2017-04-13 10:14:35,79.11,79.12
2017-04-13 10:14:36,79.11,79.12
2017-04-13 10:14:37,79.11,79.12
2017-04-13 10:14:38,79.11,79.12
2017-04-13 10:14:39,79.11,79.12
2017-04-13 10:14:40,79.09,79.1
2017-04-13 10:14:41,79.09,79.1
2017-04-13 10:14:42,79.09,79.1
2017-04-13 10:14:43,79.11,79.12
2017-04-13 10:14:44,79.11,79.12
2017-04-13 10:14:45,79.11,79.12
2017-04-13 10:14:46,79.12,79.13
2017-04-13 10:14:47,79.12,79.13
2017-04-13 10:14:48,79.11,79.12
2017-04-13 10:14:49,79.11,79.12
2017-04-13 10:14:50,79.11,79.12
2017-04-13 10:14:51,79.11,79.12
2017-04-13 10:14:52,79.1,79.11
2017-04-13 10:14:53,79.1,79.11
2017-04-13 10:14:54,79.1,79.11
2017-04-13 10:14:55,79.1,79.11
2017-04-13 10:14:56,79.1,79.11
2017-04-13 10:14:57,79.1,79.11
2017-04-13 10:14:58,79.09,79.11
2017-04-13 10:14:59,79.09,79.11
2017-04-13 10:15:00,79.09,79.11
2017-04-13 10:15:01,79.09,79.1
2017-04-13 10:15:02,79.09,79.1
2017-04-13 10:15:03,79.1,79.1
2017-04-13 10:15:04,79.1,79.11
2017-04-13 10:15:05,79.09,79.11
2017-04-13 10:15:06,79.09,79.1
2017-04-13 10:15:07,79.09,79.1
2017-04-13 10:15:08,79.09,79.1
2017-04-13 10:15:09,79.09,79.1
2017-04-13 10:15:10,79.09,79.1
2017-04-13 10:15:11,79.09,79.1
2017-04-13 10:15:12,79.09,79.1
2017-04-13 10:15:13,79.09,79.1
2017-04-13 10:15:14,79.09,79.1
2017-04-13 10:15:15,79.09,79.1
2017-04-13 10:15:16,79.09,79.1
2017-04-13 10:15:17,79.08,79.09
2017-04-13 10:15:18,79.07,79.08
2017-04-13 10:15:19,79.07,79.08
2017-04-13 10:15:20,79.07,79.08
2017-04-13 10:15:21,79.07,79.08
2017-04-13 10:15:22,79.07,79.08
2017-04-13 10:15:23,79.08,79.1
2017-04-13 10:15:24,79.08,79.1
2017-04-13 10:15:25,79.07,79.08
2017-04-13 10:15:26,79.07,79.08
2017-04-13 10:15:27,79.07,79.08
2017-04-13 10:15:28,79.07,79.08
2017-04-13 10:15:29,79.07,79.08
2017-04-13 10:15:30,79.07,79.08
2017-04-13 10:15:31,79.07,79.08
2017-04-13 10:15:32,79.07,79.08
2017-04-13 10:15:33,79.07,79.08
2017-04-13 10:15:34,79.07,79.08
2017-04-13 10:15:35,79.07,79.08
2017-04-13 10:15:36,79.07,79.08
2017-04-13 10:15:37,79.07,79.08
2017-04-13 10:15:38,79.07,79.08
2017-04-13 10:15:39,79.07,79.08
2017-04-13 10:15:40,79.07,79.08
2017-04-13 10:15:41,79.07,79.08
2017-04-13 10:15:42,79.07,79.08
2017-04-13 10:15:43,79.07,79.08
2017-04-13 10:15:44,79.07,79.08
2017-04-13 10:15:45,79.07,79.08
2017-04-13 10:15:46,79.07,79.08
2017-04-13 10:15:47,79.07,79.08
2017-04-13 10:15:48,79.07,79.08
2017-04-13 10:15:49,79.07,79.08
2017-04-13 10:15:50,79.07,79.08
2017-04-13 10:15:51,79.07,79.08
2017-04-13 10:15:52,79.07,79.08
2017-04-13 10:15:53,79.07,79.08
2017-04-13 10:15:54,79.07,79.08
2017-04-13 10:15:55,79.07,79.08
2017-04-13 10:15:56,79.07,79.08
2017-04-13 10:15:57,79.07,79.08
2017-04-13 10:15:58,79.07,79.08
2017-04-13 10:15:59,79.07,79.08
2017-04-13 10:16:00,79.09,79.1
2017-04-13 10:16:01,79.09,79.1
2017-04-13 10:16:02,79.09,79.1
2017-04-13 10:16:03,79.09,79.1
2017-04-13 10:16:04,79.09,79.1
2017-04-13 10:16:05,79.08,79.09
2017-04-13 10:16:06,79.09,79.1
2017-04-13 10:16:07,79.09,79.1
2017-04-13 10:16:08,79.09,79.1
2017-04-13 10:16:09,79.12,79.13
2017-04-13 10:16:10,79.12,79.13
2017-04-13 10:16:11,79.12,79.13
2017-04-13 10:16:12,79.13,79.14
2017-04-13 10:16:13,79.13,79.14
2017-04-13 10:16:14,79.13,79.14
2017-04-13 10:16:15,79.13,79.14
2017-04-13 10:16:16,79.13,79.14
2017-04-13 10:16:17,79.13,79.14
2017-04-13 10:16:18,79.13,79.14
2017-04-13 10:16:19,79.14,79.15
2017-04-13 10:16:20,79.14,79.15
2017-04-13 10:16:21,79.14,79.15
2017-04-13 10:16:22,79.14,79.15
2017-04-13 10:16:23,79.14,79.15
2017-04-13 10:16:24,79.14,79.15
2017-04-13 10:16:25,79.14,79.15
2017-04-13 10:16:26,79.14,79.15
2017-04-13 10:16:27,79.14,79.15
2017-04-13 10:16:28,79.14,79.15
2017-04-13 10:16:29,79.14,79.15
2017-04-13 10:16:30,79.14,79.15
2017-04-13 10:16:31,79.14,79.15
2017-04-13 10:16:32,79.14,79.15
2017-04-13 10:16:33,79.13,79.14
2017-04-13 10:16:34,79.12,79.13
2017-04-13 10:16:35,79.11,79.12
2017-04-13 10:16:36,79.11,79.12
2017-04-13 10:16:37,79.12,79.13
2017-04-13 10:16:38,79.12,79.13
2017-04-13 10:16:39,79.12,79.13
2017-04-13 10:16:40,79.12,79.13
2017-04-13 10:16:41,79.12,79.13
2017-04-13 10:16:42,79.12,79.13
2017-04-13 10:16:43,79.12,79.13
2017-04-13 10:16:44,79.12,79.13
2017-04-13 10:16:45,79.12,79.13
2017-04-13 10:16:46,79.12,79.13
2017-04-13 10:16:47,79.12,79.13
2017-04-13 10:16:48,79.12,79.13
2017-04-13 10:16:49,79.12,79.13
2017-04-13 10:16:50,79.12,79.13
2017-04-13 10:16:51,79.12,79.13
2017-04-13 10:16:52,79.13,79.15
2017-04-13 10:16:53,79.14,79.15
2017-04-13 10:16:54,79.14,79.15
2017-04-13 10:16:55,79.14,79.15
2017-04-13 10:16:56,79.14,79.15
2017-04-13 10:16:57,79.14,79.15
2017-04-13 10:16:58,79.14,79.15
2017-04-13 10:16:59,79.14,79.15
2017-04-13 10:17:00,79.14,79.15
2017-04-13 10:17:01,79.14,79.15
2017-04-13 10:17:02,79.14,79.15
2017-04-13 10:17:03,79.14,79.15
2017-04-13 10:17:04,79.14,79.15
2017-04-13 10:17:05,79.14,79.15
2017-04-13 10:17:06,79.14,79.15
2017-04-13 10:17:07,79.14,79.15
2017-04-13 10:17:08,79.14,79.15
2017-04-13 10:17:09,79.14,79.15
2017-04-13 10:17:10,79.14,79.15
2017-04-13 10:17:11,79.14,79.15
2017-04-13 10:17:12,79.14,79.15
2017-04-13 10:17:13,79.14,79.15
2017-04-13 10:17:14,79.14,79.15
2017-04-13 10:17:15,79.14,79.15
2017-04-13 10:17:16,79.14,79.15
2017-04-13 10:17:17,79.16,79.17
2017-04-13 10:17:18,79.17,79.18
2017-04-13 10:17:19,79.17,79.18
2017-04-13 10:17:20,79.17,79.18
2017-04-13 10:17:21,79.17,79.18
2017-04-13 10:17:22,79.18,79.2
2017-04-13 10:17:23,79.18,79.2
2017-04-13 10:17:24,79.18,79.2
2017-04-13 10:17:25,79.18,79.19
2017-04-13 10:17:26,79.18,79.19
2017-04-13 10:17:27,79.19,79.2
2017-04-13 10:17:28,79.2,79.21
2017-04-13 10:17:29,79.2,79.21
2017-04-13 10:17:30,79.2,79.21
2017-04-13 10:17:31,79.19,79.2
2017-04-13 10:17:32,79.19,79.2
2017-04-13 10:17:33,79.19,79.2
2017-04-13 10:17:34,79.19,79.2
2017-04-13 10:17:35,79.2,79.21
2017-04-13 10:17:36,79.2,79.21
2017-04-13 10:17:37,79.2,79.21
2017-04-13 10:17:38,79.2,79.21
2017-04-13 10:17:39,79.2,79.21
2017-04-13 10:17:40,79.2,79.21
2017-04-13 10:17:41,79.2,79.21
2017-04-13 10:17:42,79.2,79.21
2017-04-13 10:17:43,79.2,79.21
2017-04-13 10:17:44,79.2,79.21
2017-04-13 10:17:45,79.2,79.21
2017-04-13 10:17:46,79.21,79.22
2017-04-13 10:17:47,79.21,79.22
2017-04-13 10:17:48,79.21,79.22
2017-04-13 10:17:49,79.21,79.23
2017-04-13 10:17:50,79.21,79.23
2017-04-13 10:17:51,79.21,79.23
2017-04-13 10:17:52,79.21,79.22
2017-04-13 10:17:53,79.21,79.22
2017-04-13 10:17:54,79.19,79.2
2017-04-13 10:17:55,79.18,79.19
2017-04-13 10:17:56,79.18,79.19
2017-04-13 10:17:57,79.18,79.19
2017-04-13 10:17:58,79.18,79.19
2017-04-13 10:17:59,79.18,79.19
2017-04-13 10:18:00,79.18,79.19
2017-04-13 10:18:01,79.17,79.18
2017-04-13 10:18:02,79.17,79.18
2017-04-13 10:18:03,79.17,79.18
2017-04-13 10:18:04,79.17,79.19
2017-04-13 10:18:05,79.17,79.18
2017-04-13 10:18:06,79.17,79.18
2017-04-13 10:18:07,79.17,79.18
2017-04-13 10:18:08,79.17,79.18
2017-04-13 10:18:09,79.17,79.18
2017-04-13 10:18:10,79.17,79.18
2017-04-13 10:18:11,79.17,79.18
2017-04-13 10:18:12,79.17,79.18
2017-04-13 10:18:13,79.17,79.18
2017-04-13 10:18:14,79.17,79.18
2017-04-13 10:18:15,79.17,79.18
2017-04-13 10:18:16,79.17,79.18
2017-04-13 10:18:17,79.17,79.18
2017-04-13 10:18:18,79.17,79.18
2017-04-13 10:18:19,79.16,79.17
2017-04-13 10:18:20,79.15,79.16
2017-04-13 10:18:21,79.14,79.15
2017-04-13 10:18:22,79.14,79.15
2017-04-13 10:18:23,79.14,79.15
2017-04-13 10:18:24,79.14,79.15
2017-04-13 10:18:25,79.14,79.15
2017-04-13 10:18:26,79.14,79.15
2017-04-13 10:18:27,79.14,79.15
2017-04-13 10:18:28,79.14,79.15
2017-04-13 10:18:29,79.14,79.15
2017-04-13 10:18:30,79.14,79.15
2017-04-13 10:18:31,79.14,79.15
2017-04-13 10:18:32,79.14,79.15
2017-04-13 10:18:33,79.14,79.15
2017-04-13 10:18:34,79.14,79.15
2017-04-13 10:18:35,79.14,79.15
2017-04-13 10:18:36,79.14,79.15
2017-04-13 10:18:37,79.14,79.15
2017-04-13 10:18:38,79.14,79.15
2017-04-13 10:18:39,79.15,79.17
2017-04-13 10:18:40,79.15,79.17
2017-04-13 10:18:41,79.16,79.17
2017-04-13 10:18:42,79.16,79.17
2017-04-13 10:18:43,79.16,79.17
2017-04-13 10:18:44,79.16,79.17
2017-04-13 10:18:45,79.16,79.17
2017-04-13 10:18:46,79.16,79.17
2017-04-13 10:18:47,79.16,79.17
2017-04-13 10:18:48,79.16,79.17
2017-04-13 10:18:49,79.16,79.17
2017-04-13 10:18:50,79.16,79.17
2017-04-13 10:18:51,79.16,79.17
2017-04-13 10:18:52,79.17,79.18
2017-04-13 10:18:53,79.17,79.18
2017-04-13 10:18:54,79.17,79.18
2017-04-13 10:18:55,79.17,79.18
2017-04-13 10:18:56,79.17,79.18
2017-04-13 10:18:57,79.17,79.18
2017-04-13 10:18:58,79.16,79.17
2017-04-13 10:18:59,79.16,79.17
2017-04-13 10:19:00,79.16,79.17
2017-04-13 10:19:01,79.16,79.17
2017-04-13 10:19:02,79.16,79.17
2017-04-13 10:19:03,79.16,79.17
2017-04-13 10:19:04,79.16,79.17
2017-04-13 10:19:05,79.16,79.17
2017-04-13 10:19:06,79.15,79.17
2017-04-13 10:19:07,79.15,79.17
2017-04-13 10:19:08,79.15,79.17
2017-04-13 10:19:09,79.14,79.15
2017-04-13 10:19:10,79.15,79.16
2017-04-13 10:19:11,79.15,79.16
2017-04-13 10:19:12,79.17,79.18
2017-04-13 10:19:13,79.17,79.18
2017-04-13 10:19:14,79.16,79.18
2017-04-13 10:19:15,79.16,79.18
2017-04-13 10:19:16,79.16,79.18
2017-04-13 10:19:17,79.16,79.18
2017-04-13 10:19:18,79.16,79.18
2017-04-13 10:19:19,79.16,79.18
2017-04-13 10:19:20,79.16,79.18
2017-04-13 10:19:21,79.16,79.18
2017-04-13 10:19:22,79.17,79.18
2017-04-13 10:19:23,79.17,79.18
2017-04-13 10:19:24,79.17,79.18
2017-04-13 10:19:25,79.15,79.16
2017-04-13 10:19:26,79.15,79.16
2017-04-13 10:19:27,79.15,79.16
2017-04-13 10:19:28,79.15,79.16
2017-04-13 10:19:29,79.15,79.16
2017-04-13 10:19:30,79.13,79.14
2017-04-13 10:19:31,79.14,79.15
2017-04-13 10:19:32,79.14,79.15
2017-04-13 10:19:33,79.13,79.14
2017-04-13 10:19:34,79.13,79.14
2017-04-13 10:19:35,79.12,79.13
2017-04-13 10:19:36,79.12,79.13
2017-04-13 10:19:37,79.12,79.13
2017-04-13 10:19:38,79.11,79.12
2017-04-13 10:19:39,79.11,79.12
2017-04-13 10:19:40,79.11,79.12
2017-04-13 10:19:41,79.1,79.11
2017-04-13 10:19:42,79.1,79.11
2017-04-13 10:19:43,79.1,79.11
2017-04-13 10:19:44,79.09,79.1
2017-04-13 10:19:45,79.09,79.1
2017-04-13 10:19:46,79.09,79.1
2017-04-13 10:19:47,79.09,79.1
2017-04-13 10:19:48,79.09,79.1
2017-04-13 10:19:49,79.1,79.11
2017-04-13 10:19:50,79.1,79.11
2017-04-13 10:19:51,79.1,79.11
2017-04-13 10:19:52,79.1,79.11
2017-04-13 10:19:53,79.1,79.11
2017-04-13 10:19:54,79.11,79.12
2017-04-13 10:19:55,79.12,79.13
2017-04-13 10:19:56,79.12,79.13
2017-04-13 10:19:57,79.12,79.13
2017-04-13 10:19:58,79.12,79.13
2017-04-13 10:19:59,79.12,79.13
2017-04-13 10:20:00,79.12,79.13
2017-04-13 10:20:01,79.12,79.13
2017-04-13 10:20:02,79.12,79.13
2017-04-13 10:20:03,79.12,79.13
2017-04-13 10:20:04,79.12,79.13
2017-04-13 10:20:05,79.11,79.12
2017-04-13 10:20:06,79.11,79.12
2017-04-13 10:20:07,79.11,79.12
2017-04-13 10:20:08,79.11,79.12
2017-04-13 10:20:09,79.11,79.12
2017-04-13 10:20:10,79.11,79.12
2017-04-13 10:20:11,79.11,79.12
2017-04-13 10:20:12,79.11,79.12
2017-04-13 10:20:13,79.11,79.12
2017-04-13 10:20:14,79.11,79.12
2017-04-13 10:20:15,79.1,79.11
2017-04-13 10:20:16,79.08,79.09
2017-04-13 10:20:17,79.08,79.09
2017-04-13 10:20:18,79.08,79.09
2017-04-13 10:20:19,79.08,79.09
2017-04-13 10:20:20,79.08,79.09
2017-04-13 10:20:21,79.08,79.09
2017-04-13 10:20:22,79.08,79.09
2017-04-13 10:20:23,79.08,79.09
2017-04-13 10:20:24,79.08,79.09
2017-04-13 10:20:25,79.08,79.09
2017-04-13 10:20:26,79.08,79.09
2017-04-13 10:20:27,79.08,79.09
2017-04-13 10:20:28,79.08,79.09
2017-04-13 10:20:29,79.08,79.09
2017-04-13 10:20:30,79.08,79.09
2017-04-13 10:20:31,79.08,79.09
2017-04-13 10:20:32,79.08,79.09
2017-04-13 10:20:33,79.08,79.09
2017-04-13 10:20:34,79.08,79.09
2017-04-13 10:20:35,79.07,79.08
2017-04-13 10:20:36,79.07,79.08
2017-04-13 10:20:37,79.07,79.08
2017-04-13 10:20:38,79.07,79.08
2017-04-13 10:20:39,79.08,79.09
2017-04-13 10:20:40,79.08,79.09
2017-04-13 10:20:41,79.08,79.09
2017-04-13 10:20:42,79.07,79.08
2017-04-13 10:20:43,79.07,79.08
2017-04-13 10:20:44,79.06,79.07
2017-04-13 10:20:45,79.06,79.07
2017-04-13 10:20:46,79.05,79.07
2017-04-13 10:20:47,79.06,79.07
2017-04-13 10:20:48,79.06,79.07
2017-04-13 10:20:49,79.06,79.07
2017-04-13 10:20:50,79.06,79.07
2017-04-13 10:20:51,79.06,79.07
2017-04-13 10:20:52,79.07,79.08
2017-04-13 10:20:53,79.07,79.08
2017-04-13 10:20:54,79.07,79.08
2017-04-13 10:20:55,79.07,79.08
2017-04-13 10:20:56,79.07,79.08
2017-04-13 10:20:57,79.07,79.08
2017-04-13 10:20:58,79.07,79.08
2017-04-13 10:20:59,79.07,79.08
2017-04-13 10:21:00,79.07,79.08
2017-04-13 10:21:01,79.06,79.07
2017-04-13 10:21:02,79.08,79.09
2017-04-13 10:21:03,79.08,79.09
2017-04-13 10:21:04,79.08,79.09
2017-04-13 10:21:05,79.08,79.09
2017-04-13 10:21:06,79.08,79.09
2017-04-13 10:21:07,79.07,79.08
2017-04-13 10:21:08,79.07,79.08
2017-04-13 10:21:09,79.07,79.08
2017-04-13 10:21:10,79.07,79.08
2017-04-13 10:21:11,79.07,79.08
2017-04-13 10:21:12,79.09,79.1
2017-04-13 10:21:13,79.09,79.1
2017-04-13 10:21:14,79.08,79.1
2017-04-13 10:21:15,79.08,79.1
2017-04-13 10:21:16,79.08,79.1
2017-04-13 10:21:17,79.08,79.09
2017-04-13 10:21:18,79.08,79.1
2017-04-13 10:21:19,79.08,79.1
2017-04-13 10:21:20,79.08,79.09
2017-04-13 10:21:21,79.09,79.1
2017-04-13 10:21:22,79.09,79.1
2017-04-13 10:21:23,79.09,79.1
2017-04-13 10:21:24,79.09,79.1
2017-04-13 10:21:25,79.09,79.1
2017-04-13 10:21:26,79.09,79.1
2017-04-13 10:21:27,79.09,79.1
2017-04-13 10:21:28,79.09,79.1
2017-04-13 10:21:29,79.09,79.1
2017-04-13 10:21:30,79.09,79.1
2017-04-13 10:21:31,79.09,79.1
2017-04-13 10:21:32,79.09,79.1
2017-04-13 10:21:33,79.09,79.1
2017-04-13 10:21:34,79.09,79.1
2017-04-13 10:21:35,79.08,79.09
2017-04-13 10:21:36,79.08,79.09
2017-04-13 10:21:37,79.08,79.09
2017-04-13 10:21:38,79.08,79.09
2017-04-13 10:21:39,79.07,79.09
2017-04-13 10:21:40,79.08,79.09
2017-04-13 10:21:41,79.08,79.09
2017-04-13 10:21:42,79.08,79.09
2017-04-13 10:21:43,79.08,79.09
2017-04-13 10:21:44,79.08,79.09
2017-04-13 10:21:45,79.08,79.09
2017-04-13 10:21:46,79.08,79.09
2017-04-13 10:21:47,79.09,79.1
2017-04-13 10:21:48,79.1,79.11
2017-04-13 10:21:49,79.1,79.11
2017-04-13 10:21:50,79.1,79.11
2017-04-13 10:21:51,79.1,79.12
2017-04-13 10:21:52,79.11,79.12
2017-04-13 10:21:53,79.11,79.12
2017-04-13 10:21:54,79.11,79.12
2017-04-13 10:21:55,79.11,79.12
2017-04-13 10:21:56,79.11,79.12
2017-04-13 10:21:57,79.1,79.11
2017-04-13 10:21:58,79.1,79.11
2017-04-13 10:21:59,79.1,79.11
2017-04-13 10:22:00,79.1,79.11
2017-04-13 10:22:01,79.1,79.11
2017-04-13 10:22:02,79.1,79.11
2017-04-13 10:22:03,79.1,79.11
2017-04-13 10:22:04,79.1,79.11
2017-04-13 10:22:05,79.1,79.11
2017-04-13 10:22:06,79.1,79.11
2017-04-13 10:22:07,79.1,79.11
2017-04-13 10:22:08,79.1,79.11
2017-04-13 10:22:09,79.1,79.11
2017-04-13 10:22:10,79.1,79.11
2017-04-13 10:22:11,79.1,79.11
2017-04-13 10:22:12,79.1,79.11
2017-04-13 10:22:13,79.09,79.1
2017-04-13 10:22:14,79.09,79.1
2017-04-13 10:22:15,79.09,79.1
2017-04-13 10:22:16,79.09,79.1
2017-04-13 10:22:17,79.09,79.1
2017-04-13 10:22:18,79.09,79.1
2017-04-13 10:22:19,79.09,79.1
2017-04-13 10:22:20,79.09,79.1
2017-04-13 10:22:21,79.09,79.1
