datetime,direct.bid1,direct.ask1
2017-04-13 09:30:00,90.62,91.07
2017-04-13 09:30:01,90.91,91.19
2017-04-13 09:30:02,90.83,91.19
2017-04-13 09:30:03,91.0,91.19
2017-04-13 09:30:04,91.0,91.19
2017-04-13 09:30:05,91.0,91.19
2017-04-13 09:30:06,91.0,91.19
2017-04-13 09:30:07,91.0,91.19
2017-04-13 09:30:08,91.0,91.19
2017-04-13 09:30:09,91.0,91.19
2017-04-13 09:30:10,91.0,91.19
2017-04-13 09:30:11,91.0,91.19
2017-04-13 09:30:12,91.0,91.19
2017-04-13 09:30:13,91.0,91.19
2017-04-13 09:30:14,91.0,91.19
2017-04-13 09:30:15,91.0,91.19
2017-04-13 09:30:16,91.0,91.18
2017-04-13 09:30:17,91.0,91.18
2017-04-13 09:30:18,91.0,91.18
2017-04-13 09:30:19,91.0,91.18
2017-04-13 09:30:20,91.0,91.18
2017-04-13 09:30:21,91.0,91.18
2017-04-13 09:30:22,91.0,91.18
2017-04-13 09:30:23,91.0,91.18
2017-04-13 09:30:24,91.0,91.18
2017-04-13 09:30:25,91.0,91.18
2017-04-13 09:30:26,91.0,91.18
2017-04-13 09:30:27,91.0,91.18
2017-04-13 09:30:28,91.0,91.18
2017-04-13 09:30:29,91.0,91.18
2017-04-13 09:30:30,91.0,91.18
2017-04-13 09:30:31,91.0,91.18
2017-04-13 09:30:32,91.0,91.18
2017-04-13 09:30:33,91.0,91.18
2017-04-13 09:30:34,91.0,91.18
2017-04-13 09:30:35,91.0,91.18
2017-04-13 09:30:36,91.0,91.18
2017-04-13 09:30:37,91.0,91.18
2017-04-13 09:30:38,91.0,91.18
2017-04-13 09:30:39,91.0,91.18
2017-04-13 09:30:40,91.0,91.18
2017-04-13 09:30:41,91.0,91.18
2017-04-13 09:30:42,91.0,91.18
2017-04-13 09:30:43,91.0,91.18
2017-04-13 09:30:44,91.0,91.18
2017-04-13 09:30:45,91.0,91.18
2017-04-13 09:30:46,91.0,91.18
2017-04-13 09:30:47,91.0,91.18
2017-04-13 09:30:48,91.0,91.18
2017-04-13 09:30:49,91.0,91.18
2017-04-13 09:30:50,91.0,91.18
2017-04-13 09:30:51,91.0,91.18
2017-04-13 09:30:52,91.0,91.18
2017-04-13 09:30:53,91.0,91.18
2017-04-13 09:30:54,91.0,91.18
2017-04-13 09:30:55,91.0,91.18
2017-04-13 09:30:56,91.0,91.18
2017-04-13 09:30:57,91.0,91.17
2017-04-13 09:30:58,91.0,91.17
2017-04-13 09:30:59,91.0,91.17
2017-04-13 09:31:00,91.0,91.16
2017-04-13 09:31:01,91.0,91.16
2017-04-13 09:31:02,90.9,91.08
2017-04-13 09:31:03,90.9,91.08
2017-04-13 09:31:04,90.9,91.08
2017-04-13 09:31:05,90.9,91.08
2017-04-13 09:31:06,90.9,91.08
2017-04-13 09:31:07,90.83,91.08
2017-04-13 09:31:08,90.83,91.07
2017-04-13 09:31:09,90.86,91.07
2017-04-13 09:31:10,90.86,91.07
2017-04-13 09:31:11,90.86,91.07
2017-04-13 09:31:12,90.86,91.07
2017-04-13 09:31:13,90.87,91.07
2017-04-13 09:31:14,90.88,91.07
2017-04-13 09:31:15,90.83,91.07
2017-04-13 09:31:16,90.83,91.07
2017-04-13 09:31:17,90.83,91.07
2017-04-13 09:31:18,90.83,91.07
2017-04-13 09:31:19,90.83,91.07
2017-04-13 09:31:20,90.83,91.07
2017-04-13 09:31:21,90.83,91.07
2017-04-13 09:31:22,90.83,91.07
2017-04-13 09:31:23,90.83,91.07
2017-04-13 09:31:24,90.83,91.07
2017-04-13 09:31:25,90.83,91.07
2017-04-13 09:31:26,90.83,91.07
2017-04-13 09:31:27,90.83,91.07
2017-04-13 09:31:28,90.83,91.07
2017-04-13 09:31:29,90.83,91.07
2017-04-13 09:31:30,90.83,91.07
2017-04-13 09:31:31,90.83,91.07
2017-04-13 09:31:32,90.83,91.07
2017-04-13 09:31:33,90.83,91.07
2017-04-13 09:31:34,90.83,91.07
2017-04-13 09:31:35,90.83,91.07
2017-04-13 09:31:36,90.83,91.07
2017-04-13 09:31:37,90.83,91.07
2017-04-13 09:31:38,90.83,91.07
2017-04-13 09:31:39,90.83,91.07
2017-04-13 09:31:40,90.83,91.07
2017-04-13 09:31:41,90.83,91.07
2017-04-13 09:31:42,90.83,91.07
2017-04-13 09:31:43,90.83,91.07
2017-04-13 09:31:44,90.83,91.07
2017-04-13 09:31:45,90.83,91.07
2017-04-13 09:31:46,90.83,91.07
2017-04-13 09:31:47,90.83,91.07
2017-04-13 09:31:48,90.83,91.07
2017-04-13 09:31:49,90.83,91.07
2017-04-13 09:31:50,90.83,91.07
2017-04-13 09:31:51,90.83,91.07
2017-04-13 09:31:52,90.83,91.07
2017-04-13 09:31:53,90.83,91.07
2017-04-13 09:31:54,90.83,91.07
2017-04-13 09:31:55,90.83,91.07
2017-04-13 09:31:56,90.83,91.07
2017-04-13 09:31:57,90.83,91.07
2017-04-13 09:31:58,90.83,91.07
2017-04-13 09:31:59,90.83,91.07
2017-04-13 09:32:00,90.83,91.07
2017-04-13 09:32:01,90.83,91.07
2017-04-13 09:32:02,90.83,91.07
2017-04-13 09:32:03,90.83,91.07
2017-04-13 09:32:04,90.83,91.07
2017-04-13 09:32:05,90.83,91.07
2017-04-13 09:32:06,90.83,91.07
2017-04-13 09:32:07,90.83,91.06
2017-04-13 09:32:08,90.83,91.06
2017-04-13 09:32:09,90.83,91.06
2017-04-13 09:32:10,90.83,91.06
2017-04-13 09:32:11,90.83,91.06
2017-04-13 09:32:12,90.83,91.05
2017-04-13 09:32:13,90.83,91.05
2017-04-13 09:32:14,90.83,91.05
2017-04-13 09:32:15,90.83,91.05
2017-04-13 09:32:16,90.83,91.05
2017-04-13 09:32:17,90.83,91.05
2017-04-13 09:32:18,90.83,91.05
2017-04-13 09:32:19,90.83,91.05
2017-04-13 09:32:20,90.83,91.05
2017-04-13 09:32:21,90.83,91.05
2017-04-13 09:32:22,90.83,91.05
2017-04-13 09:32:23,90.85,91.05
2017-04-13 09:32:24,90.85,91.05
2017-04-13 09:32:25,90.85,91.05
2017-04-13 09:32:26,90.85,91.05
2017-04-13 09:32:27,90.85,91.05
2017-04-13 09:32:28,90.85,91.05
2017-04-13 09:32:29,90.85,91.05
2017-04-13 09:32:30,90.88,91.07
2017-04-13 09:32:31,90.88,91.04
2017-04-13 09:32:32,90.88,91.04
2017-04-13 09:32:33,90.88,91.04
2017-04-13 09:32:34,90.88,91.04
2017-04-13 09:32:35,90.88,91.04
2017-04-13 09:32:36,90.88,91.04
2017-04-13 09:32:37,90.88,91.04
2017-04-13 09:32:38,90.88,91.04
2017-04-13 09:32:39,90.88,91.04
2017-04-13 09:32:40,90.88,91.04
2017-04-13 09:32:41,90.88,91.04
2017-04-13 09:32:42,90.88,91.07
2017-04-13 09:32:43,90.88,91.07
2017-04-13 09:32:44,90.88,91.04
2017-04-13 09:32:45,90.88,91.04
2017-04-13 09:32:46,90.88,91.04
2017-04-13 09:32:47,90.88,91.04
2017-04-13 09:32:48,90.88,91.04
2017-04-13 09:32:49,90.88,91.04
2017-04-13 09:32:50,90.88,91.04
2017-04-13 09:32:51,90.88,91.04
2017-04-13 09:32:52,90.88,91.04
2017-04-13 09:32:53,90.88,91.04
2017-04-13 09:32:54,90.88,91.04
2017-04-13 09:32:55,90.88,91.04
2017-04-13 09:32:56,90.88,91.02
2017-04-13 09:32:57,90.88,91.02
2017-04-13 09:32:58,90.88,91.02
2017-04-13 09:32:59,90.88,91.02
2017-04-13 09:33:00,90.88,91.02
2017-04-13 09:33:01,90.88,91.02
2017-04-13 09:33:02,90.88,91.02
2017-04-13 09:33:03,90.88,91.02
2017-04-13 09:33:04,90.88,91.02
2017-04-13 09:33:05,90.88,91.07
2017-04-13 09:33:06,90.88,91.01
2017-04-13 09:33:07,90.88,91.01
2017-04-13 09:33:08,90.88,91.01
2017-04-13 09:33:09,90.88,91.01
2017-04-13 09:33:10,90.88,91.01
2017-04-13 09:33:11,90.88,91.01
2017-04-13 09:33:12,90.88,91.06
2017-04-13 09:33:13,90.88,91.06
2017-04-13 09:33:14,90.88,91.06
2017-04-13 09:33:15,90.88,91.06
2017-04-13 09:33:16,90.88,91.06
2017-04-13 09:33:17,90.88,91.06
2017-04-13 09:33:18,90.88,91.06
2017-04-13 09:33:19,90.88,91.06
2017-04-13 09:33:20,90.88,91.0
2017-04-13 09:33:21,90.88,91.0
2017-04-13 09:33:22,90.88,91.0
2017-04-13 09:33:23,90.88,91.0
2017-04-13 09:33:24,90.88,91.0
2017-04-13 09:33:25,90.92,91.0
2017-04-13 09:33:26,90.92,91.0
2017-04-13 09:33:27,90.92,91.0
2017-04-13 09:33:28,90.92,91.0
2017-04-13 09:33:29,90.92,91.0
2017-04-13 09:33:30,90.92,91.0
2017-04-13 09:33:31,90.83,90.96
2017-04-13 09:33:32,90.83,90.96
2017-04-13 09:33:33,90.83,90.96
2017-04-13 09:33:34,90.83,90.94
2017-04-13 09:33:35,90.83,90.94
2017-04-13 09:33:36,90.83,90.94
2017-04-13 09:33:37,90.83,90.93
2017-04-13 09:33:38,90.83,90.93
2017-04-13 09:33:39,90.83,90.93
2017-04-13 09:33:40,90.83,90.93
2017-04-13 09:33:41,90.78,90.84
2017-04-13 09:33:42,90.78,90.9
2017-04-13 09:33:43,90.78,90.9
2017-04-13 09:33:44,90.78,90.9
2017-04-13 09:33:45,90.78,90.9
2017-04-13 09:33:46,90.78,90.87
2017-04-13 09:33:47,90.75,90.87
2017-04-13 09:33:48,90.75,90.87
2017-04-13 09:33:49,90.75,90.87
2017-04-13 09:33:50,90.75,90.87
2017-04-13 09:33:51,90.75,90.87
2017-04-13 09:33:52,90.75,90.87
2017-04-13 09:33:53,90.75,90.87
2017-04-13 09:33:54,90.75,90.87
2017-04-13 09:33:55,90.75,90.87
2017-04-13 09:33:56,90.75,90.87
2017-04-13 09:33:57,90.75,90.87
2017-04-13 09:33:58,90.75,90.87
2017-04-13 09:33:59,90.75,90.87
2017-04-13 09:34:00,90.75,90.87
2017-04-13 09:34:01,90.75,90.87
2017-04-13 09:34:02,90.75,90.87
2017-04-13 09:34:03,90.75,90.87
2017-04-13 09:34:04,90.75,90.87
2017-04-13 09:34:05,90.75,90.87
2017-04-13 09:34:06,90.75,90.87
2017-04-13 09:34:07,90.75,90.87
2017-04-13 09:34:08,90.75,90.87
2017-04-13 09:34:09,90.75,90.87
2017-04-13 09:34:10,90.75,90.87
2017-04-13 09:34:11,90.75,90.87
2017-04-13 09:34:12,90.75,90.87
2017-04-13 09:34:13,90.75,90.87
2017-04-13 09:34:14,90.75,90.87
2017-04-13 09:34:15,90.75,90.87
2017-04-13 09:34:16,90.75,90.87
2017-04-13 09:34:17,90.75,90.85
2017-04-13 09:34:18,90.75,90.85
2017-04-13 09:34:19,90.75,90.85
2017-04-13 09:34:20,90.75,90.85
2017-04-13 09:34:21,90.75,90.85
2017-04-13 09:34:22,90.75,90.85
2017-04-13 09:34:23,90.75,90.85
2017-04-13 09:34:24,90.75,90.85
2017-04-13 09:34:25,90.75,90.85
2017-04-13 09:34:26,90.75,90.85
2017-04-13 09:34:27,90.75,90.85
2017-04-13 09:34:28,90.75,90.83
2017-04-13 09:34:29,90.95,91.01
2017-04-13 09:34:30,90.95,91.01
2017-04-13 09:34:31,90.95,91.14
2017-04-13 09:34:32,90.95,91.14
2017-04-13 09:34:33,90.95,91.14
2017-04-13 09:34:34,90.95,91.14
2017-04-13 09:34:35,90.95,91.14
2017-04-13 09:34:36,90.95,91.14
2017-04-13 09:34:37,90.95,91.14
2017-04-13 09:34:38,90.95,91.14
2017-04-13 09:34:39,90.95,91.14
2017-04-13 09:34:40,90.95,91.14
2017-04-13 09:34:41,90.95,91.14
2017-04-13 09:34:42,90.95,91.14
2017-04-13 09:34:43,90.95,91.14
2017-04-13 09:34:44,90.95,91.14
2017-04-13 09:34:45,90.95,91.14
2017-04-13 09:34:46,90.95,91.14
2017-04-13 09:34:47,90.95,91.13
2017-04-13 09:34:48,90.95,91.13
2017-04-13 09:34:49,90.95,91.13
2017-04-13 09:34:50,90.95,91.13
2017-04-13 09:34:51,90.95,91.13
2017-04-13 09:34:52,90.95,91.13
2017-04-13 09:34:53,90.95,91.13
2017-04-13 09:34:54,90.95,91.14
2017-04-13 09:34:55,90.95,91.14
2017-04-13 09:34:56,90.95,91.14
2017-04-13 09:34:57,90.95,91.14
2017-04-13 09:34:58,90.95,91.12
2017-04-13 09:34:59,90.95,91.12
2017-04-13 09:35:00,90.95,91.12
2017-04-13 09:35:01,90.89,91.12
2017-04-13 09:35:02,91.04,91.12
2017-04-13 09:35:03,91.04,91.12
2017-04-13 09:35:04,91.04,91.12
2017-04-13 09:35:05,91.04,91.12
2017-04-13 09:35:06,91.04,91.12
2017-04-13 09:35:07,91.04,91.12
2017-04-13 09:35:08,91.04,91.12
2017-04-13 09:35:09,91.04,91.12
2017-04-13 09:35:10,91.04,91.15
2017-04-13 09:35:11,91.04,91.15
2017-04-13 09:35:12,91.04,91.15
2017-04-13 09:35:13,91.04,91.13
2017-04-13 09:35:14,91.04,91.13
2017-04-13 09:35:15,91.04,91.13
2017-04-13 09:35:16,91.04,91.12
2017-04-13 09:35:17,91.04,91.12
2017-04-13 09:35:18,91.04,91.12
2017-04-13 09:35:19,91.04,91.12
2017-04-13 09:35:20,91.04,91.12
2017-04-13 09:35:21,90.91,91.11
2017-04-13 09:35:22,91.04,91.12
2017-04-13 09:35:23,91.04,91.12
2017-04-13 09:35:24,91.04,91.12
2017-04-13 09:35:25,91.04,91.12
2017-04-13 09:35:26,91.04,91.12
2017-04-13 09:35:27,91.04,91.12
2017-04-13 09:35:28,91.04,91.13
2017-04-13 09:35:29,91.04,91.13
2017-04-13 09:35:30,91.04,91.13
2017-04-13 09:35:31,91.04,91.13
2017-04-13 09:35:32,91.04,91.13
2017-04-13 09:35:33,91.04,91.13
2017-04-13 09:35:34,91.04,91.13
2017-04-13 09:35:35,91.04,91.13
2017-04-13 09:35:36,91.04,91.13
2017-04-13 09:35:37,91.04,91.13
2017-04-13 09:35:38,91.04,91.13
2017-04-13 09:35:39,91.04,91.13
2017-04-13 09:35:40,91.04,91.13
2017-04-13 09:35:41,91.04,91.13
2017-04-13 09:35:42,91.04,91.13
2017-04-13 09:35:43,91.04,91.13
2017-04-13 09:35:44,91.04,91.13
2017-04-13 09:35:45,91.04,91.13
2017-04-13 09:35:46,91.04,91.13
2017-04-13 09:35:47,91.04,91.13
2017-04-13 09:35:48,91.04,91.13
2017-04-13 09:35:49,91.04,91.13
2017-04-13 09:35:50,91.04,91.13
2017-04-13 09:35:51,91.04,91.13
2017-04-13 09:35:52,91.04,91.13
2017-04-13 09:35:53,91.04,91.13
2017-04-13 09:35:54,91.04,91.13
2017-04-13 09:35:55,91.04,91.13
2017-04-13 09:35:56,91.04,91.13
2017-04-13 09:35:57,91.04,91.13
2017-04-13 09:35:58,91.04,91.13
2017-04-13 09:35:59,91.04,91.13
2017-04-13 09:36:00,91.04,91.13
2017-04-13 09:36:01,91.04,91.13
2017-04-13 09:36:02,91.04,91.13
2017-04-13 09:36:03,91.04,91.13
2017-04-13 09:36:04,91.04,91.13
2017-04-13 09:36:05,91.04,91.13
2017-04-13 09:36:06,91.05,91.22
2017-04-13 09:36:07,91.05,91.22
2017-04-13 09:36:08,91.05,91.22
2017-04-13 09:36:09,91.05,91.22
2017-04-13 09:36:10,91.05,91.22
2017-04-13 09:36:11,91.05,91.22
2017-04-13 09:36:12,91.05,91.21
2017-04-13 09:36:13,91.05,91.21
2017-04-13 09:36:14,91.05,91.21
2017-04-13 09:36:15,91.05,91.21
2017-04-13 09:36:16,91.05,91.21
2017-04-13 09:36:17,91.05,91.21
2017-04-13 09:36:18,91.05,91.21
2017-04-13 09:36:19,91.05,91.21
2017-04-13 09:36:20,91.05,91.19
2017-04-13 09:36:21,91.05,91.19
2017-04-13 09:36:22,91.05,91.19
2017-04-13 09:36:23,91.05,91.19
2017-04-13 09:36:24,91.05,91.19
2017-04-13 09:36:25,91.05,91.19
2017-04-13 09:36:26,91.05,91.19
2017-04-13 09:36:27,91.05,91.19
2017-04-13 09:36:28,91.05,91.19
2017-04-13 09:36:29,91.05,91.19
2017-04-13 09:36:30,91.05,91.19
2017-04-13 09:36:31,91.05,91.22
2017-04-13 09:36:32,91.05,91.22
2017-04-13 09:36:33,91.05,91.22
2017-04-13 09:36:34,91.05,91.22
2017-04-13 09:36:35,91.05,91.2
2017-04-13 09:36:36,91.05,91.2
2017-04-13 09:36:37,91.05,91.19
2017-04-13 09:36:38,91.05,91.19
2017-04-13 09:36:39,91.05,91.19
2017-04-13 09:36:40,91.05,91.19
2017-04-13 09:36:41,91.05,91.19
2017-04-13 09:36:42,91.05,91.19
2017-04-13 09:36:43,91.05,91.19
2017-04-13 09:36:44,91.05,91.19
2017-04-13 09:36:45,91.05,91.19
2017-04-13 09:36:46,91.05,91.2
2017-04-13 09:36:47,91.05,91.2
2017-04-13 09:36:48,91.05,91.2
2017-04-13 09:36:49,91.05,91.2
2017-04-13 09:36:50,91.05,91.2
2017-04-13 09:36:51,91.05,91.2
2017-04-13 09:36:52,91.05,91.2
2017-04-13 09:36:53,91.05,91.2
2017-04-13 09:36:54,91.05,91.2
2017-04-13 09:36:55,91.05,91.2
2017-04-13 09:36:56,91.05,91.2
2017-04-13 09:36:57,91.05,91.2
2017-04-13 09:36:58,91.05,91.2
2017-04-13 09:36:59,91.05,91.2
2017-04-13 09:37:00,91.05,91.2
2017-04-13 09:37:01,91.05,91.2
2017-04-13 09:37:02,91.05,91.2
2017-04-13 09:37:03,91.05,91.2
2017-04-13 09:37:04,91.05,91.2
2017-04-13 09:37:05,91.05,91.2
2017-04-13 09:37:06,91.05,91.19
2017-04-13 09:37:07,91.05,91.19
2017-04-13 09:37:08,91.05,91.19
2017-04-13 09:37:09,91.05,91.19
2017-04-13 09:37:10,91.05,91.19
2017-04-13 09:37:11,91.05,91.19
2017-04-13 09:37:12,91.05,91.19
2017-04-13 09:37:13,91.05,91.19
2017-04-13 09:37:14,91.05,91.19
2017-04-13 09:37:15,91.05,91.19
2017-04-13 09:37:16,91.05,91.19
2017-04-13 09:37:17,91.05,91.19
2017-04-13 09:37:18,91.05,91.19
2017-04-13 09:37:19,91.05,91.2
2017-04-13 09:37:20,91.05,91.2
2017-04-13 09:37:21,91.05,91.2
2017-04-13 09:37:22,91.05,91.2
2017-04-13 09:37:23,91.05,91.2
2017-04-13 09:37:24,91.05,91.2
2017-04-13 09:37:25,91.05,91.2
2017-04-13 09:37:26,91.05,91.2
2017-04-13 09:37:27,91.05,91.2
2017-04-13 09:37:28,91.05,91.2
2017-04-13 09:37:29,91.05,91.2
2017-04-13 09:37:30,91.05,91.17
2017-04-13 09:37:31,91.05,91.17
2017-04-13 09:37:32,91.05,91.17
2017-04-13 09:37:33,91.05,91.17
2017-04-13 09:37:34,91.05,91.17
2017-04-13 09:37:35,91.05,91.17
2017-04-13 09:37:36,91.05,91.17
2017-04-13 09:37:37,91.05,91.17
2017-04-13 09:37:38,91.05,91.16
2017-04-13 09:37:39,91.05,91.16
2017-04-13 09:37:40,91.05,91.16
2017-04-13 09:37:41,91.05,91.16
2017-04-13 09:37:42,91.05,91.16
2017-04-13 09:37:43,91.05,91.16
2017-04-13 09:37:44,91.05,91.16
2017-04-13 09:37:45,91.05,91.16
2017-04-13 09:37:46,91.05,91.16
2017-04-13 09:37:47,91.05,91.17
2017-04-13 09:37:48,91.05,91.17
2017-04-13 09:37:49,91.05,91.17
2017-04-13 09:37:50,91.05,91.17
2017-04-13 09:37:51,91.05,91.17
2017-04-13 09:37:52,91.05,91.17
2017-04-13 09:37:53,91.05,91.17
2017-04-13 09:37:54,91.05,91.17
2017-04-13 09:37:55,91.05,91.17
2017-04-13 09:37:56,91.05,91.17
2017-04-13 09:37:57,91.05,91.17
2017-04-13 09:37:58,91.05,91.17
2017-04-13 09:37:59,91.05,91.17
2017-04-13 09:38:00,91.05,91.17
2017-04-13 09:38:01,91.05,91.17
2017-04-13 09:38:02,91.05,91.17
2017-04-13 09:38:03,91.05,91.17
2017-04-13 09:38:04,91.05,91.17
2017-04-13 09:38:05,91.05,91.17
2017-04-13 09:38:06,91.05,91.17
2017-04-13 09:38:07,91.05,91.17
2017-04-13 09:38:08,91.05,91.17
2017-04-13 09:38:09,91.05,91.17
2017-04-13 09:38:10,91.05,91.17
2017-04-13 09:38:11,91.05,91.17
2017-04-13 09:38:12,91.05,91.17
2017-04-13 09:38:13,91.05,91.17
2017-04-13 09:38:14,91.05,91.17
2017-04-13 09:38:15,91.05,91.17
2017-04-13 09:38:16,91.05,91.17
2017-04-13 09:38:17,91.05,91.17
2017-04-13 09:38:18,91.05,91.17
2017-04-13 09:38:19,91.06,91.17
2017-04-13 09:38:20,91.06,91.17
2017-04-13 09:38:21,91.06,91.17
2017-04-13 09:38:22,91.06,91.17
2017-04-13 09:38:23,91.06,91.17
2017-04-13 09:38:24,91.06,91.17
2017-04-13 09:38:25,91.06,91.17
2017-04-13 09:38:26,91.06,91.17
2017-04-13 09:38:27,91.06,91.17
2017-04-13 09:38:28,91.07,91.17
2017-04-13 09:38:29,91.07,91.17
2017-04-13 09:38:30,91.07,91.17
2017-04-13 09:38:31,91.07,91.17
2017-04-13 09:38:32,91.07,91.17
2017-04-13 09:38:33,91.07,91.17
2017-04-13 09:38:34,91.07,91.17
2017-04-13 09:38:35,91.07,91.17
2017-04-13 09:38:36,91.07,91.17
2017-04-13 09:38:37,91.07,91.17
2017-04-13 09:38:38,91.07,91.17
2017-04-13 09:38:39,91.07,91.17
2017-04-13 09:38:40,91.07,91.17
2017-04-13 09:38:41,91.07,91.17
2017-04-13 09:38:42,91.07,91.17
2017-04-13 09:38:43,91.07,91.17
2017-04-13 09:38:44,91.07,91.17
2017-04-13 09:38:45,91.07,91.17
2017-04-13 09:38:46,91.07,91.17
2017-04-13 09:38:47,91.07,91.17
2017-04-13 09:38:48,91.07,91.17
2017-04-13 09:38:49,91.07,91.17
2017-04-13 09:38:50,91.07,91.17
2017-04-13 09:38:51,91.07,91.17
2017-04-13 09:38:52,91.07,91.17
2017-04-13 09:38:53,91.07,91.17
2017-04-13 09:38:54,91.07,91.17
2017-04-13 09:38:55,91.07,91.17
2017-04-13 09:38:56,91.07,91.17
2017-04-13 09:38:57,91.07,91.17
2017-04-13 09:38:58,91.07,91.17
2017-04-13 09:38:59,91.07,91.17
2017-04-13 09:39:00,91.07,91.17
2017-04-13 09:39:01,91.08,91.17
2017-04-13 09:39:02,91.08,91.17
2017-04-13 09:39:03,91.08,91.17
2017-04-13 09:39:04,91.08,91.17
2017-04-13 09:39:05,91.08,91.17
2017-04-13 09:39:06,91.08,91.17
2017-04-13 09:39:07,91.08,91.17
2017-04-13 09:39:08,91.08,91.21
2017-04-13 09:39:09,91.08,91.2
2017-04-13 09:39:10,91.08,91.19
2017-04-13 09:39:11,91.08,91.19
2017-04-13 09:39:12,91.08,91.19
2017-04-13 09:39:13,91.08,91.19
2017-04-13 09:39:14,91.08,91.2
2017-04-13 09:39:15,91.08,91.19
2017-04-13 09:39:16,91.08,91.19
2017-04-13 09:39:17,91.08,91.2
2017-04-13 09:39:18,91.08,91.2
2017-04-13 09:39:19,91.08,91.22
2017-04-13 09:39:20,91.08,91.22
2017-04-13 09:39:21,91.08,91.19
2017-04-13 09:39:22,91.08,91.19
2017-04-13 09:39:23,91.08,91.2
2017-04-13 09:39:24,91.08,91.2
2017-04-13 09:39:25,91.08,91.22
2017-04-13 09:39:26,91.08,91.22
2017-04-13 09:39:27,91.09,91.22
2017-04-13 09:39:28,91.09,91.22
2017-04-13 09:39:29,91.09,91.22
2017-04-13 09:39:30,91.09,91.22
2017-04-13 09:39:31,91.12,91.22
2017-04-13 09:39:32,91.12,91.22
2017-04-13 09:39:33,91.13,91.22
2017-04-13 09:39:34,91.13,91.22
2017-04-13 09:39:35,91.14,91.22
2017-04-13 09:39:36,91.14,91.22
2017-04-13 09:39:37,91.14,91.22
2017-04-13 09:39:38,91.14,91.22
2017-04-13 09:39:39,91.14,91.22
2017-04-13 09:39:40,91.14,91.22
2017-04-13 09:39:41,91.14,91.22
2017-04-13 09:39:42,91.14,91.22
2017-04-13 09:39:43,91.14,91.22
2017-04-13 09:39:44,91.14,91.22
2017-04-13 09:39:45,91.14,91.22
2017-04-13 09:39:46,91.14,91.22
2017-04-13 09:39:47,91.14,91.22
2017-04-13 09:39:48,91.14,91.22
2017-04-13 09:39:49,91.14,91.18
2017-04-13 09:39:50,91.14,91.18
2017-04-13 09:39:51,91.14,91.18
2017-04-13 09:39:52,91.14,91.18
2017-04-13 09:39:53,91.14,91.18
2017-04-13 09:39:54,91.14,91.18
2017-04-13 09:39:55,91.14,91.18
2017-04-13 09:39:56,91.14,91.18
2017-04-13 09:39:57,91.14,91.18
2017-04-13 09:39:58,91.14,91.18
2017-04-13 09:39:59,91.14,91.18
2017-04-13 09:40:00,91.14,91.16
2017-04-13 09:40:01,91.14,91.16
2017-04-13 09:40:02,91.14,91.16
2017-04-13 09:40:03,91.14,91.16
2017-04-13 09:40:04,91.14,91.16
2017-04-13 09:40:05,91.14,91.16
2017-04-13 09:40:06,91.14,91.16
2017-04-13 09:40:07,91.14,91.16
2017-04-13 09:40:08,91.14,91.16
2017-04-13 09:40:09,91.14,91.16
2017-04-13 09:40:10,91.14,91.16
2017-04-13 09:40:11,91.14,91.16
2017-04-13 09:40:12,91.14,91.16
2017-04-13 09:40:13,91.14,91.16
2017-04-13 09:40:14,91.14,91.16
2017-04-13 09:40:15,91.14,91.16
2017-04-13 09:40:16,91.19,91.22
2017-04-13 09:40:17,91.19,91.22
2017-04-13 09:40:18,91.19,91.22
2017-04-13 09:40:19,91.19,91.22
2017-04-13 09:40:20,91.18,91.3
2017-04-13 09:40:21,91.22,91.31
2017-04-13 09:40:22,91.22,91.34
2017-04-13 09:40:23,91.22,91.34
2017-04-13 09:40:24,91.22,91.34
2017-04-13 09:40:25,91.22,91.34
2017-04-13 09:40:26,91.22,91.34
2017-04-13 09:40:27,91.22,91.34
2017-04-13 09:40:28,91.22,91.34
2017-04-13 09:40:29,91.22,91.34
2017-04-13 09:40:30,91.22,91.34
2017-04-13 09:40:31,91.22,91.34
2017-04-13 09:40:32,91.22,91.34
2017-04-13 09:40:33,91.22,91.34
2017-04-13 09:40:34,91.22,91.34
2017-04-13 09:40:35,91.22,91.34
2017-04-13 09:40:36,91.22,91.34
2017-04-13 09:40:37,91.22,91.34
2017-04-13 09:40:38,91.22,91.34
2017-04-13 09:40:39,91.22,91.34
2017-04-13 09:40:40,91.22,91.34
2017-04-13 09:40:41,91.22,91.34
2017-04-13 09:40:42,91.22,91.34
2017-04-13 09:40:43,91.22,91.34
2017-04-13 09:40:44,91.22,91.34
2017-04-13 09:40:45,91.22,91.34
2017-04-13 09:40:46,91.22,91.34
2017-04-13 09:40:47,91.22,91.34
2017-04-13 09:40:48,91.22,91.34
2017-04-13 09:40:49,91.22,91.34
2017-04-13 09:40:50,91.22,91.34
2017-04-13 09:40:51,91.22,91.34
2017-04-13 09:40:52,91.22,91.34
2017-04-13 09:40:53,91.22,91.34
2017-04-13 09:40:54,91.22,91.34
2017-04-13 09:40:55,91.22,91.34
2017-04-13 09:40:56,91.22,91.34
2017-04-13 09:40:57,91.22,91.34
2017-04-13 09:40:58,91.22,91.34
2017-04-13 09:40:59,91.22,91.34
2017-04-13 09:41:00,91.22,91.34
2017-04-13 09:41:01,91.22,91.34
2017-04-13 09:41:02,91.22,91.34
2017-04-13 09:41:03,91.22,91.34
2017-04-13 09:41:04,91.22,91.42
2017-04-13 09:41:05,91.22,91.31
2017-04-13 09:41:06,91.22,91.31
2017-04-13 09:41:07,91.22,91.31
2017-04-13 09:41:08,91.22,91.31
2017-04-13 09:41:09,91.22,91.31
2017-04-13 09:41:10,91.22,91.31
2017-04-13 09:41:11,91.22,91.31
2017-04-13 09:41:12,91.22,91.31
2017-04-13 09:41:13,91.22,91.31
2017-04-13 09:41:14,91.22,91.31
2017-04-13 09:41:15,91.22,91.31
2017-04-13 09:41:16,91.22,91.4
2017-04-13 09:41:17,91.22,91.4
2017-04-13 09:41:18,91.22,91.4
2017-04-13 09:41:19,91.22,91.4
2017-04-13 09:41:20,91.22,91.4
2017-04-13 09:41:21,91.22,91.4
2017-04-13 09:41:22,91.22,91.4
2017-04-13 09:41:23,91.22,91.4
2017-04-13 09:41:24,91.22,91.4
2017-04-13 09:41:25,91.22,91.4
2017-04-13 09:41:26,91.22,91.4
2017-04-13 09:41:27,91.25,91.4
2017-04-13 09:41:28,91.25,91.4
2017-04-13 09:41:29,91.25,91.42
2017-04-13 09:41:30,91.25,91.42
2017-04-13 09:41:31,91.25,91.42
2017-04-13 09:41:32,91.25,91.42
2017-04-13 09:41:33,91.25,91.42
2017-04-13 09:41:34,91.25,91.42
2017-04-13 09:41:35,91.25,91.42
2017-04-13 09:41:36,91.25,91.42
2017-04-13 09:41:37,91.25,91.42
2017-04-13 09:41:38,91.25,91.42
2017-04-13 09:41:39,91.25,91.42
2017-04-13 09:41:40,91.25,91.42
2017-04-13 09:41:41,91.25,91.42
2017-04-13 09:41:42,91.26,91.44
2017-04-13 09:41:43,91.26,91.5
2017-04-13 09:41:44,91.26,91.5
2017-04-13 09:41:45,91.26,91.5
2017-04-13 09:41:46,91.26,91.5
2017-04-13 09:41:47,91.26,91.5
2017-04-13 09:41:48,91.26,91.5
2017-04-13 09:41:49,91.26,91.49
2017-04-13 09:41:50,91.26,91.49
2017-04-13 09:41:51,91.26,91.49
2017-04-13 09:41:52,91.26,91.49
2017-04-13 09:41:53,91.26,91.49
2017-04-13 09:41:54,91.26,91.49
2017-04-13 09:41:55,91.26,91.49
2017-04-13 09:41:56,91.26,91.49
2017-04-13 09:41:57,91.26,91.49
2017-04-13 09:41:58,91.26,91.49
2017-04-13 09:41:59,91.26,91.49
2017-04-13 09:42:00,91.26,91.49
2017-04-13 09:42:01,91.26,91.49
2017-04-13 09:42:02,91.26,91.49
2017-04-13 09:42:03,91.26,91.49
2017-04-13 09:42:04,91.26,91.49
2017-04-13 09:42:05,91.26,91.49
2017-04-13 09:42:06,91.26,91.49
2017-04-13 09:42:07,91.26,91.49
2017-04-13 09:42:08,91.26,91.49
2017-04-13 09:42:09,91.26,91.49
2017-04-13 09:42:10,91.27,91.49
2017-04-13 09:42:11,91.27,91.49
2017-04-13 09:42:12,91.27,91.49
2017-04-13 09:42:13,91.27,91.49
2017-04-13 09:42:14,91.27,91.49
2017-04-13 09:42:15,91.26,91.49
2017-04-13 09:42:16,91.27,91.49
2017-04-13 09:42:17,91.27,91.49
2017-04-13 09:42:18,91.27,91.49
2017-04-13 09:42:19,91.27,91.49
2017-04-13 09:42:20,91.27,91.49
2017-04-13 09:42:21,91.27,91.49
2017-04-13 09:42:22,91.27,91.49
2017-04-13 09:42:23,91.27,91.49
2017-04-13 09:42:24,91.27,91.49
2017-04-13 09:42:25,91.27,91.49
2017-04-13 09:42:26,91.27,91.49
2017-04-13 09:42:27,91.27,91.49
2017-04-13 09:42:28,91.27,91.49
2017-04-13 09:42:29,91.27,91.49
2017-04-13 09:42:30,91.27,91.49
2017-04-13 09:42:31,91.27,91.49
2017-04-13 09:42:32,91.27,91.49
2017-04-13 09:42:33,91.27,91.48
2017-04-13 09:42:34,91.27,91.48
2017-04-13 09:42:35,91.27,91.48
2017-04-13 09:42:36,91.27,91.48
2017-04-13 09:42:37,91.27,91.48
2017-04-13 09:42:38,91.27,91.48
2017-04-13 09:42:39,91.27,91.48
2017-04-13 09:42:40,91.27,91.47
2017-04-13 09:42:41,91.27,91.46
2017-04-13 09:42:42,91.27,91.46
2017-04-13 09:42:43,91.27,91.46
2017-04-13 09:42:44,91.27,91.46
2017-04-13 09:42:45,91.27,91.46
2017-04-13 09:42:46,91.27,91.46
2017-04-13 09:42:47,91.27,91.46
2017-04-13 09:42:48,91.27,91.46
2017-04-13 09:42:49,91.27,91.46
2017-04-13 09:42:50,91.27,91.46
2017-04-13 09:42:51,91.27,91.46
2017-04-13 09:42:52,91.27,91.46
2017-04-13 09:42:53,91.27,91.46
2017-04-13 09:42:54,91.27,91.46
2017-04-13 09:42:55,91.27,91.46
2017-04-13 09:42:56,91.27,91.46
2017-04-13 09:42:57,91.27,91.46
2017-04-13 09:42:58,91.27,91.46
2017-04-13 09:42:59,91.27,91.46
2017-04-13 09:43:00,91.27,91.45
2017-04-13 09:43:01,91.27,91.45
2017-04-13 09:43:02,91.27,91.45
2017-04-13 09:43:03,91.27,91.45
2017-04-13 09:43:04,91.27,91.45
2017-04-13 09:43:05,91.27,91.45
2017-04-13 09:43:06,91.27,91.45
2017-04-13 09:43:07,91.27,91.45
2017-04-13 09:43:08,91.27,91.45
2017-04-13 09:43:09,91.27,91.45
2017-04-13 09:43:10,91.27,91.45
2017-04-13 09:43:11,91.27,91.45
2017-04-13 09:43:12,91.27,91.45
2017-04-13 09:43:13,91.27,91.45
2017-04-13 09:43:14,91.27,91.45
2017-04-13 09:43:15,91.27,91.45
2017-04-13 09:43:16,91.27,91.45
2017-04-13 09:43:17,91.27,91.45
2017-04-13 09:43:18,91.27,91.45
2017-04-13 09:43:19,91.28,91.45
2017-04-13 09:43:20,91.28,91.45
2017-04-13 09:43:21,91.28,91.45
2017-04-13 09:43:22,91.28,91.45
2017-04-13 09:43:23,91.28,91.45
2017-04-13 09:43:24,91.28,91.45
2017-04-13 09:43:25,91.28,91.45
2017-04-13 09:43:26,91.28,91.45
2017-04-13 09:43:27,91.28,91.45
2017-04-13 09:43:28,91.28,91.45
2017-04-13 09:43:29,91.28,91.45
2017-04-13 09:43:30,91.28,91.45
2017-04-13 09:43:31,91.28,91.45
2017-04-13 09:43:32,91.28,91.45
2017-04-13 09:43:33,91.28,91.45
2017-04-13 09:43:34,91.31,91.45
2017-04-13 09:43:35,91.31,91.45
2017-04-13 09:43:36,91.31,91.45
2017-04-13 09:43:37,91.31,91.45
2017-04-13 09:43:38,91.31,91.45
2017-04-13 09:43:39,91.31,91.45
2017-04-13 09:43:40,91.31,91.45
2017-04-13 09:43:41,91.31,91.45
2017-04-13 09:43:42,91.31,91.45
2017-04-13 09:43:43,91.31,91.45
2017-04-13 09:43:44,91.31,91.45
2017-04-13 09:43:45,91.31,91.45
2017-04-13 09:43:46,91.31,91.45
2017-04-13 09:43:47,91.31,91.45
2017-04-13 09:43:48,91.31,91.45
2017-04-13 09:43:49,91.31,91.45
2017-04-13 09:43:50,91.31,91.45
2017-04-13 09:43:51,91.31,91.45
2017-04-13 09:43:52,91.31,91.45
2017-04-13 09:43:53,91.31,91.45
2017-04-13 09:43:54,91.31,91.45
2017-04-13 09:43:55,91.31,91.45
2017-04-13 09:43:56,91.31,91.45
2017-04-13 09:43:57,91.31,91.45
2017-04-13 09:43:58,91.31,91.45
2017-04-13 09:43:59,91.31,91.45
2017-04-13 09:44:00,91.31,91.45
2017-04-13 09:44:01,91.31,91.45
2017-04-13 09:44:02,91.31,91.45
2017-04-13 09:44:03,91.31,91.45
2017-04-13 09:44:04,91.31,91.45
2017-04-13 09:44:05,91.31,91.45
2017-04-13 09:44:06,91.31,91.45
2017-04-13 09:44:07,91.31,91.45
2017-04-13 09:44:08,91.31,91.45
2017-04-13 09:44:09,91.31,91.45
2017-04-13 09:44:10,91.31,91.45
2017-04-13 09:44:11,91.31,91.45
2017-04-13 09:44:12,91.31,91.45
2017-04-13 09:44:13,91.37,91.45
2017-04-13 09:44:14,91.31,91.44
2017-04-13 09:44:15,91.32,91.44
2017-04-13 09:44:16,91.32,91.44
2017-04-13 09:44:17,91.32,91.44
2017-04-13 09:44:18,91.32,91.44
2017-04-13 09:44:19,91.32,91.44
2017-04-13 09:44:20,91.32,91.44
2017-04-13 09:44:21,91.32,91.44
2017-04-13 09:44:22,91.32,91.44
2017-04-13 09:44:23,91.32,91.44
2017-04-13 09:44:24,91.32,91.44
2017-04-13 09:44:25,91.32,91.44
2017-04-13 09:44:26,91.32,91.44
2017-04-13 09:44:27,91.32,91.44
2017-04-13 09:44:28,91.37,91.44
2017-04-13 09:44:29,91.37,91.45
2017-04-13 09:44:30,91.37,91.44
2017-04-13 09:44:31,91.37,91.45
2017-04-13 09:44:32,91.37,91.45
2017-04-13 09:44:33,91.37,91.45
2017-04-13 09:44:34,91.39,91.45
2017-04-13 09:44:35,91.39,91.45
2017-04-13 09:44:36,91.39,91.45
2017-04-13 09:44:37,91.39,91.45
2017-04-13 09:44:38,91.39,91.45
2017-04-13 09:44:39,91.39,91.45
2017-04-13 09:44:40,91.39,91.45
2017-04-13 09:44:41,91.39,91.45
2017-04-13 09:44:42,91.39,91.45
2017-04-13 09:44:43,91.39,91.45
2017-04-13 09:44:44,91.39,91.45
2017-04-13 09:44:45,91.39,91.45
2017-04-13 09:44:46,91.39,91.45
2017-04-13 09:44:47,91.39,91.45
2017-04-13 09:44:48,91.39,91.45
2017-04-13 09:44:49,91.39,91.45
2017-04-13 09:44:50,91.39,91.45
2017-04-13 09:44:51,91.39,91.45
2017-04-13 09:44:52,91.39,91.45
2017-04-13 09:44:53,91.39,91.45
2017-04-13 09:44:54,91.39,91.45
2017-04-13 09:44:55,91.39,91.45
2017-04-13 09:44:56,91.39,91.45
2017-04-13 09:44:57,91.39,91.45
2017-04-13 09:44:58,91.39,91.45
2017-04-13 09:44:59,91.39,91.45
2017-04-13 09:45:00,91.39,91.45
2017-04-13 09:45:01,91.39,91.45
2017-04-13 09:45:02,91.39,91.45
2017-04-13 09:45:03,91.39,91.45
2017-04-13 09:45:04,91.39,91.45
2017-04-13 09:45:05,91.39,91.45
2017-04-13 09:45:06,91.34,91.45
2017-04-13 09:45:07,91.34,91.45
2017-04-13 09:45:08,91.34,91.45
2017-04-13 09:45:09,91.34,91.45
2017-04-13 09:45:10,91.34,91.45
2017-04-13 09:45:11,91.34,91.45
2017-04-13 09:45:12,91.34,91.44
2017-04-13 09:45:13,91.34,91.44
2017-04-13 09:45:14,91.34,91.44
2017-04-13 09:45:15,91.34,91.44
2017-04-13 09:45:16,91.34,91.44
2017-04-13 09:45:17,91.34,91.44
2017-04-13 09:45:18,91.34,91.44
2017-04-13 09:45:19,91.34,91.43
2017-04-13 09:45:20,91.34,91.43
2017-04-13 09:45:21,91.34,91.43
2017-04-13 09:45:22,91.34,91.43
2017-04-13 09:45:23,91.34,91.42
2017-04-13 09:45:24,91.34,91.42
2017-04-13 09:45:25,91.34,91.42
2017-04-13 09:45:26,91.34,91.41
2017-04-13 09:45:27,91.34,91.41
2017-04-13 09:45:28,91.34,91.41
2017-04-13 09:45:29,91.34,91.41
2017-04-13 09:45:30,91.34,91.41
2017-04-13 09:45:31,91.34,91.41
2017-04-13 09:45:32,91.34,91.41
2017-04-13 09:45:33,91.34,91.41
2017-04-13 09:45:34,91.34,91.41
2017-04-13 09:45:35,91.34,91.41
2017-04-13 09:45:36,91.34,91.41
2017-04-13 09:45:37,91.26,91.41
2017-04-13 09:45:38,91.26,91.41
2017-04-13 09:45:39,91.26,91.41
2017-04-13 09:45:40,91.26,91.41
2017-04-13 09:45:41,91.26,91.4
2017-04-13 09:45:42,91.26,91.4
2017-04-13 09:45:43,91.26,91.4
2017-04-13 09:45:44,91.26,91.4
2017-04-13 09:45:45,91.26,91.4
2017-04-13 09:45:46,91.26,91.4
2017-04-13 09:45:47,91.26,91.4
2017-04-13 09:45:48,91.26,91.4
2017-04-13 09:45:49,91.26,91.4
2017-04-13 09:45:50,91.26,91.39
2017-04-13 09:45:51,91.26,91.39
2017-04-13 09:45:52,91.26,91.39
2017-04-13 09:45:53,91.26,91.39
2017-04-13 09:45:54,91.26,91.39
2017-04-13 09:45:55,91.26,91.39
2017-04-13 09:45:56,91.26,91.39
2017-04-13 09:45:57,91.26,91.39
2017-04-13 09:45:58,91.26,91.39
2017-04-13 09:45:59,91.26,91.39
2017-04-13 09:46:00,91.26,91.39
2017-04-13 09:46:01,91.26,91.39
2017-04-13 09:46:02,91.26,91.39
2017-04-13 09:46:03,91.26,91.39
2017-04-13 09:46:04,91.26,91.39
2017-04-13 09:46:05,91.26,91.39
2017-04-13 09:46:06,91.26,91.39
2017-04-13 09:46:07,91.26,91.39
2017-04-13 09:46:08,91.26,91.39
2017-04-13 09:46:09,91.26,91.39
2017-04-13 09:46:10,91.26,91.39
2017-04-13 09:46:11,91.26,91.39
2017-04-13 09:46:12,91.26,91.39
2017-04-13 09:46:13,91.26,91.39
2017-04-13 09:46:14,91.26,91.39
2017-04-13 09:46:15,91.26,91.39
2017-04-13 09:46:16,91.26,91.39
2017-04-13 09:46:17,91.26,91.39
2017-04-13 09:46:18,91.26,91.39
2017-04-13 09:46:19,91.26,91.39
2017-04-13 09:46:20,91.26,91.37
2017-04-13 09:46:21,91.26,91.37
2017-04-13 09:46:22,91.26,91.37
2017-04-13 09:46:23,91.26,91.37
2017-04-13 09:46:24,91.26,91.37
2017-04-13 09:46:25,91.26,91.37
2017-04-13 09:46:26,91.26,91.37
2017-04-13 09:46:27,91.26,91.37
2017-04-13 09:46:28,91.26,91.37
2017-04-13 09:46:29,91.26,91.37
2017-04-13 09:46:30,91.26,91.37
2017-04-13 09:46:31,91.26,91.37
2017-04-13 09:46:32,91.26,91.37
2017-04-13 09:46:33,91.26,91.37
2017-04-13 09:46:34,91.26,91.37
2017-04-13 09:46:35,91.26,91.37
2017-04-13 09:46:36,91.26,91.37
2017-04-13 09:46:37,91.26,91.37
2017-04-13 09:46:38,91.26,91.37
2017-04-13 09:46:39,91.26,91.37
2017-04-13 09:46:40,91.26,91.37
2017-04-13 09:46:41,91.26,91.37
2017-04-13 09:46:42,91.26,91.37
2017-04-13 09:46:43,91.26,91.37
2017-04-13 09:46:44,91.26,91.37
2017-04-13 09:46:45,91.26,91.37
2017-04-13 09:46:46,91.26,91.37
2017-04-13 09:46:47,91.26,91.37
2017-04-13 09:46:48,91.26,91.37
2017-04-13 09:46:49,91.26,91.37
2017-04-13 09:46:50,91.26,91.37
2017-04-13 09:46:51,91.26,91.37
2017-04-13 09:46:52,91.26,91.37
2017-04-13 09:46:53,91.26,91.37
2017-04-13 09:46:54,91.26,91.37
2017-04-13 09:46:55,91.26,91.37
2017-04-13 09:46:56,91.26,91.37
2017-04-13 09:46:57,91.26,91.37
2017-04-13 09:46:58,91.26,91.37
2017-04-13 09:46:59,91.26,91.37
2017-04-13 09:47:00,91.26,91.37
2017-04-13 09:47:01,91.26,91.37
2017-04-13 09:47:02,91.26,91.37
2017-04-13 09:47:03,91.26,91.36
2017-04-13 09:47:04,91.27,91.33
2017-04-13 09:47:05,91.26,91.32
2017-04-13 09:47:06,91.26,91.33
2017-04-13 09:47:07,91.26,91.33
2017-04-13 09:47:08,91.26,91.33
2017-04-13 09:47:09,91.26,91.33
2017-04-13 09:47:10,91.26,91.33
2017-04-13 09:47:11,91.26,91.33
2017-04-13 09:47:12,91.26,91.33
2017-04-13 09:47:13,91.26,91.33
2017-04-13 09:47:14,91.26,91.33
2017-04-13 09:47:15,91.26,91.33
2017-04-13 09:47:16,91.26,91.33
2017-04-13 09:47:17,91.26,91.33
2017-04-13 09:47:18,91.26,91.33
2017-04-13 09:47:19,91.26,91.33
2017-04-13 09:47:20,91.26,91.33
2017-04-13 09:47:21,91.26,91.33
2017-04-13 09:47:22,91.26,91.33
2017-04-13 09:47:23,91.26,91.33
2017-04-13 09:47:24,91.26,91.33
2017-04-13 09:47:25,91.26,91.33
2017-04-13 09:47:26,91.26,91.33
2017-04-13 09:47:27,91.26,91.33
2017-04-13 09:47:28,91.26,91.33
2017-04-13 09:47:29,91.26,91.33
2017-04-13 09:47:30,91.26,91.33
2017-04-13 09:47:31,91.26,91.33
2017-04-13 09:47:32,91.26,91.33
2017-04-13 09:47:33,91.26,91.33
2017-04-13 09:47:34,91.26,91.33
2017-04-13 09:47:35,91.26,91.33
2017-04-13 09:47:36,91.26,91.33
2017-04-13 09:47:37,91.21,91.28
2017-04-13 09:47:38,91.21,91.28
2017-04-13 09:47:39,91.21,91.28
2017-04-13 09:47:40,91.21,91.28
2017-04-13 09:47:41,91.21,91.28
2017-04-13 09:47:42,91.21,91.28
2017-04-13 09:47:43,91.21,91.28
2017-04-13 09:47:44,91.21,91.28
2017-04-13 09:47:45,91.21,91.28
2017-04-13 09:47:46,91.21,91.27
2017-04-13 09:47:47,91.21,91.27
2017-04-13 09:47:48,91.21,91.27
2017-04-13 09:47:49,91.21,91.27
2017-04-13 09:47:50,91.21,91.27
2017-04-13 09:47:51,91.21,91.27
2017-04-13 09:47:52,91.21,91.27
2017-04-13 09:47:53,91.21,91.27
2017-04-13 09:47:54,91.21,91.27
2017-04-13 09:47:55,91.21,91.27
2017-04-13 09:47:56,91.21,91.27
2017-04-13 09:47:57,91.21,91.27
2017-04-13 09:47:58,91.21,91.27
2017-04-13 09:47:59,91.21,91.27
2017-04-13 09:48:00,91.21,91.27
2017-04-13 09:48:01,91.21,91.27
2017-04-13 09:48:02,91.21,91.27
2017-04-13 09:48:03,91.21,91.27
2017-04-13 09:48:04,91.21,91.27
2017-04-13 09:48:05,91.21,91.27
2017-04-13 09:48:06,91.21,91.27
2017-04-13 09:48:07,91.21,91.27
2017-04-13 09:48:08,91.21,91.27
2017-04-13 09:48:09,91.21,91.27
2017-04-13 09:48:10,91.21,91.27
2017-04-13 09:48:11,91.21,91.27
2017-04-13 09:48:12,91.21,91.27
2017-04-13 09:48:13,91.21,91.27
2017-04-13 09:48:14,91.2,91.27
2017-04-13 09:48:15,91.2,91.27
2017-04-13 09:48:16,91.21,91.27
2017-04-13 09:48:17,91.21,91.27
2017-04-13 09:48:18,91.21,91.27
2017-04-13 09:48:19,91.21,91.27
2017-04-13 09:48:20,91.21,91.27
2017-04-13 09:48:21,91.21,91.27
2017-04-13 09:48:22,91.21,91.27
2017-04-13 09:48:23,91.21,91.27
2017-04-13 09:48:24,91.21,91.27
2017-04-13 09:48:25,91.21,91.27
2017-04-13 09:48:26,91.21,91.27
2017-04-13 09:48:27,91.21,91.27
2017-04-13 09:48:28,91.2,91.27
2017-04-13 09:48:29,91.2,91.26
2017-04-13 09:48:30,91.2,91.26
2017-04-13 09:48:31,91.21,91.26
2017-04-13 09:48:32,91.21,91.26
2017-04-13 09:48:33,91.21,91.26
2017-04-13 09:48:34,91.21,91.26
2017-04-13 09:48:35,91.21,91.26
2017-04-13 09:48:36,91.21,91.26
2017-04-13 09:48:37,91.22,91.26
2017-04-13 09:48:38,91.22,91.26
2017-04-13 09:48:39,91.22,91.26
2017-04-13 09:48:40,91.22,91.26
2017-04-13 09:48:41,91.22,91.26
2017-04-13 09:48:42,91.22,91.26
2017-04-13 09:48:43,91.22,91.26
2017-04-13 09:48:44,91.19,91.26
2017-04-13 09:48:45,91.19,91.26
2017-04-13 09:48:46,91.19,91.26
2017-04-13 09:48:47,91.19,91.26
2017-04-13 09:48:48,91.19,91.26
2017-04-13 09:48:49,91.19,91.26
2017-04-13 09:48:50,91.19,91.26
2017-04-13 09:48:51,91.19,91.26
2017-04-13 09:48:52,91.19,91.26
2017-04-13 09:48:53,91.19,91.26
2017-04-13 09:48:54,91.19,91.26
2017-04-13 09:48:55,91.19,91.26
2017-04-13 09:48:56,91.19,91.25
2017-04-13 09:48:57,91.19,91.25
2017-04-13 09:48:58,91.19,91.25
2017-04-13 09:48:59,91.19,91.25
2017-04-13 09:49:00,91.17,91.25
2017-04-13 09:49:01,91.17,91.25
2017-04-13 09:49:02,91.17,91.25
2017-04-13 09:49:03,91.17,91.25
2017-04-13 09:49:04,91.18,91.25
2017-04-13 09:49:05,91.18,91.25
2017-04-13 09:49:06,91.18,91.25
2017-04-13 09:49:07,91.18,91.25
2017-04-13 09:49:08,91.18,91.25
2017-04-13 09:49:09,91.18,91.25
2017-04-13 09:49:10,91.18,91.25
2017-04-13 09:49:11,91.18,91.25
2017-04-13 09:49:12,91.18,91.25
2017-04-13 09:49:13,91.18,91.25
2017-04-13 09:49:14,91.18,91.25
2017-04-13 09:49:15,91.18,91.25
2017-04-13 09:49:16,91.18,91.25
2017-04-13 09:49:17,91.19,91.25
2017-04-13 09:49:18,91.19,91.25
2017-04-13 09:49:19,91.19,91.25
2017-04-13 09:49:20,91.19,91.25
2017-04-13 09:49:21,91.19,91.25
2017-04-13 09:49:22,91.19,91.25
2017-04-13 09:49:23,91.19,91.25
2017-04-13 09:49:24,91.19,91.25
2017-04-13 09:49:25,91.19,91.25
2017-04-13 09:49:26,91.19,91.25
2017-04-13 09:49:27,91.19,91.25
2017-04-13 09:49:28,91.19,91.25
2017-04-13 09:49:29,91.19,91.25
2017-04-13 09:49:30,91.23,91.3
2017-04-13 09:49:31,91.23,91.3
2017-04-13 09:49:32,91.28,91.33
2017-04-13 09:49:33,91.28,91.33
2017-04-13 09:49:34,91.2,91.33
2017-04-13 09:49:35,91.25,91.34
2017-04-13 09:49:36,91.26,91.34
2017-04-13 09:49:37,91.29,91.34
2017-04-13 09:49:38,91.29,91.34
2017-04-13 09:49:39,91.29,91.34
2017-04-13 09:49:40,91.29,91.34
2017-04-13 09:49:41,91.29,91.34
2017-04-13 09:49:42,91.29,91.34
2017-04-13 09:49:43,91.29,91.34
2017-04-13 09:49:44,91.29,91.34
2017-04-13 09:49:45,91.29,91.34
2017-04-13 09:49:46,91.29,91.34
2017-04-13 09:49:47,91.29,91.34
2017-04-13 09:49:48,91.29,91.34
2017-04-13 09:49:49,91.29,91.34
2017-04-13 09:49:50,91.29,91.34
2017-04-13 09:49:51,91.29,91.34
2017-04-13 09:49:52,91.29,91.34
2017-04-13 09:49:53,91.29,91.34
2017-04-13 09:49:54,91.29,91.34
2017-04-13 09:49:55,91.29,91.34
2017-04-13 09:49:56,91.29,91.34
2017-04-13 09:49:57,91.29,91.34
2017-04-13 09:49:58,91.29,91.34
2017-04-13 09:49:59,91.29,91.34
2017-04-13 09:50:00,91.29,91.34
2017-04-13 09:50:01,91.29,91.34
2017-04-13 09:50:02,91.29,91.34
2017-04-13 09:50:03,91.29,91.34
2017-04-13 09:50:04,91.29,91.34
2017-04-13 09:50:05,91.29,91.34
2017-04-13 09:50:06,91.29,91.32
2017-04-13 09:50:07,91.29,91.32
2017-04-13 09:50:08,91.29,91.32
2017-04-13 09:50:09,91.29,91.32
2017-04-13 09:50:10,91.29,91.32
2017-04-13 09:50:11,91.29,91.32
2017-04-13 09:50:12,91.29,91.32
2017-04-13 09:50:13,91.29,91.32
2017-04-13 09:50:14,91.29,91.32
2017-04-13 09:50:15,91.29,91.34
2017-04-13 09:50:16,91.29,91.34
2017-04-13 09:50:17,91.29,91.32
2017-04-13 09:50:18,91.29,91.32
2017-04-13 09:50:19,91.29,91.32
2017-04-13 09:50:20,91.29,91.32
2017-04-13 09:50:21,91.29,91.32
2017-04-13 09:50:22,91.29,91.32
2017-04-13 09:50:23,91.29,91.32
2017-04-13 09:50:24,91.29,91.32
2017-04-13 09:50:25,91.29,91.32
2017-04-13 09:50:26,91.29,91.32
2017-04-13 09:50:27,91.29,91.32
2017-04-13 09:50:28,91.29,91.32
2017-04-13 09:50:29,91.29,91.32
2017-04-13 09:50:30,91.29,91.32
2017-04-13 09:50:31,91.29,91.32
2017-04-13 09:50:32,91.29,91.32
2017-04-13 09:50:33,91.29,91.32
2017-04-13 09:50:34,91.29,91.32
2017-04-13 09:50:35,91.29,91.34
2017-04-13 09:50:36,91.29,91.33
2017-04-13 09:50:37,91.32,91.38
2017-04-13 09:50:38,91.32,91.38
2017-04-13 09:50:39,91.32,91.38
2017-04-13 09:50:40,91.32,91.38
2017-04-13 09:50:41,91.34,91.41
2017-04-13 09:50:42,91.36,91.43
2017-04-13 09:50:43,91.36,91.43
2017-04-13 09:50:44,91.36,91.43
2017-04-13 09:50:45,91.36,91.43
2017-04-13 09:50:46,91.36,91.41
2017-04-13 09:50:47,91.36,91.41
2017-04-13 09:50:48,91.36,91.41
2017-04-13 09:50:49,91.36,91.41
2017-04-13 09:50:50,91.36,91.41
2017-04-13 09:50:51,91.36,91.41
2017-04-13 09:50:52,91.36,91.41
2017-04-13 09:50:53,91.36,91.41
2017-04-13 09:50:54,91.36,91.41
2017-04-13 09:50:55,91.38,91.43
2017-04-13 09:50:56,91.38,91.43
2017-04-13 09:50:57,91.39,91.43
2017-04-13 09:50:58,91.39,91.43
2017-04-13 09:50:59,91.39,91.43
2017-04-13 09:51:00,91.39,91.43
2017-04-13 09:51:01,91.39,91.43
2017-04-13 09:51:02,91.39,91.43
2017-04-13 09:51:03,91.39,91.43
2017-04-13 09:51:04,91.39,91.43
2017-04-13 09:51:05,91.4,91.48
2017-04-13 09:51:06,91.4,91.48
2017-04-13 09:51:07,91.4,91.48
2017-04-13 09:51:08,91.41,91.48
2017-04-13 09:51:09,91.41,91.48
2017-04-13 09:51:10,91.41,91.48
2017-04-13 09:51:11,91.41,91.48
2017-04-13 09:51:12,91.41,91.48
2017-04-13 09:51:13,91.42,91.48
2017-04-13 09:51:14,91.46,91.53
2017-04-13 09:51:15,91.46,91.53
2017-04-13 09:51:16,91.51,91.56
2017-04-13 09:51:17,91.53,91.58
2017-04-13 09:51:18,91.53,91.66
2017-04-13 09:51:19,91.54,91.66
2017-04-13 09:51:20,91.54,91.66
2017-04-13 09:51:21,91.52,91.66
2017-04-13 09:51:22,91.54,91.66
2017-04-13 09:51:23,91.54,91.66
2017-04-13 09:51:24,91.54,91.66
2017-04-13 09:51:25,91.54,91.66
2017-04-13 09:51:26,91.54,91.66
2017-04-13 09:51:27,91.54,91.66
2017-04-13 09:51:28,91.54,91.58
2017-04-13 09:51:29,91.54,91.58
2017-04-13 09:51:30,91.59,91.65
2017-04-13 09:51:31,91.58,91.65
2017-04-13 09:51:32,91.6,91.65
2017-04-13 09:51:33,91.6,91.65
2017-04-13 09:51:34,91.6,91.65
2017-04-13 09:51:35,91.54,91.64
2017-04-13 09:51:36,91.54,91.64
2017-04-13 09:51:37,91.54,91.64
2017-04-13 09:51:38,91.54,91.63
2017-04-13 09:51:39,91.54,91.63
2017-04-13 09:51:40,91.54,91.63
2017-04-13 09:51:41,91.54,91.63
2017-04-13 09:51:42,91.54,91.62
2017-04-13 09:51:43,91.54,91.62
2017-04-13 09:51:44,91.55,91.62
2017-04-13 09:51:45,91.55,91.62
2017-04-13 09:51:46,91.55,91.62
2017-04-13 09:51:47,91.55,91.62
2017-04-13 09:51:48,91.55,91.62
2017-04-13 09:51:49,91.55,91.62
2017-04-13 09:51:50,91.55,91.62
2017-04-13 09:51:51,91.55,91.62
2017-04-13 09:51:52,91.55,91.62
2017-04-13 09:51:53,91.55,91.62
2017-04-13 09:51:54,91.55,91.62
2017-04-13 09:51:55,91.55,91.62
2017-04-13 09:51:56,91.55,91.62
2017-04-13 09:51:57,91.55,91.61
2017-04-13 09:51:58,91.55,91.61
2017-04-13 09:51:59,91.55,91.61
2017-04-13 09:52:00,91.55,91.61
2017-04-13 09:52:01,91.55,91.61
2017-04-13 09:52:02,91.55,91.61
2017-04-13 09:52:03,91.55,91.61
2017-04-13 09:52:04,91.55,91.61
2017-04-13 09:52:05,91.55,91.61
2017-04-13 09:52:06,91.55,91.61
2017-04-13 09:52:07,91.55,91.61
2017-04-13 09:52:08,91.55,91.61
2017-04-13 09:52:09,91.55,91.61
2017-04-13 09:52:10,91.55,91.61
2017-04-13 09:52:11,91.55,91.61
2017-04-13 09:52:12,91.55,91.61
2017-04-13 09:52:13,91.55,91.61
2017-04-13 09:52:14,91.55,91.61
2017-04-13 09:52:15,91.55,91.61
2017-04-13 09:52:16,91.55,91.61
2017-04-13 09:52:17,91.55,91.61
2017-04-13 09:52:18,91.55,91.61
2017-04-13 09:52:19,91.55,91.61
2017-04-13 09:52:20,91.55,91.61
2017-04-13 09:52:21,91.55,91.61
2017-04-13 09:52:22,91.55,91.61
2017-04-13 09:52:23,91.55,91.61
2017-04-13 09:52:24,91.55,91.61
2017-04-13 09:52:25,91.55,91.61
2017-04-13 09:52:26,91.55,91.61
2017-04-13 09:52:27,91.53,91.6
2017-04-13 09:52:28,91.53,91.6
2017-04-13 09:52:29,91.53,91.6
2017-04-13 09:52:30,91.53,91.6
2017-04-13 09:52:31,91.53,91.6
2017-04-13 09:52:32,91.5,91.59
2017-04-13 09:52:33,91.5,91.59
2017-04-13 09:52:34,91.5,91.59
2017-04-13 09:52:35,91.5,91.59
2017-04-13 09:52:36,91.5,91.59
2017-04-13 09:52:37,91.5,91.6
2017-04-13 09:52:38,91.48,91.6
2017-04-13 09:52:39,91.48,91.6
2017-04-13 09:52:40,91.48,91.6
2017-04-13 09:52:41,91.48,91.6
2017-04-13 09:52:42,91.48,91.6
2017-04-13 09:52:43,91.48,91.6
2017-04-13 09:52:44,91.48,91.6
2017-04-13 09:52:45,91.48,91.6
2017-04-13 09:52:46,91.48,91.6
2017-04-13 09:52:47,91.48,91.6
2017-04-13 09:52:48,91.48,91.6
2017-04-13 09:52:49,91.48,91.6
2017-04-13 09:52:50,91.48,91.6
2017-04-13 09:52:51,91.48,91.6
2017-04-13 09:52:52,91.48,91.6
2017-04-13 09:52:53,91.48,91.6
2017-04-13 09:52:54,91.48,91.6
2017-04-13 09:52:55,91.48,91.6
2017-04-13 09:52:56,91.48,91.6
2017-04-13 09:52:57,91.48,91.6
2017-04-13 09:52:58,91.48,91.6
2017-04-13 09:52:59,91.49,91.6
2017-04-13 09:53:00,91.49,91.6
2017-04-13 09:53:01,91.5,91.6
2017-04-13 09:53:02,91.5,91.6
2017-04-13 09:53:03,91.5,91.6
2017-04-13 09:53:04,91.5,91.6
2017-04-13 09:53:05,91.5,91.59
2017-04-13 09:53:06,91.5,91.59
2017-04-13 09:53:07,91.5,91.59
2017-04-13 09:53:08,91.5,91.58
2017-04-13 09:53:09,91.5,91.58
2017-04-13 09:53:10,91.5,91.59
2017-04-13 09:53:11,91.5,91.59
2017-04-13 09:53:12,91.5,91.58
2017-04-13 09:53:13,91.5,91.59
2017-04-13 09:53:14,91.5,91.59
2017-04-13 09:53:15,91.5,91.59
2017-04-13 09:53:16,91.5,91.58
2017-04-13 09:53:17,91.5,91.58
2017-04-13 09:53:18,91.5,91.58
2017-04-13 09:53:19,91.5,91.58
2017-04-13 09:53:20,91.5,91.58
2017-04-13 09:53:21,91.5,91.58
2017-04-13 09:53:22,91.5,91.58
2017-04-13 09:53:23,91.5,91.58
2017-04-13 09:53:24,91.5,91.58
2017-04-13 09:53:25,91.48,91.58
2017-04-13 09:53:26,91.49,91.58
2017-04-13 09:53:27,91.49,91.58
2017-04-13 09:53:28,91.49,91.58
2017-04-13 09:53:29,91.49,91.58
2017-04-13 09:53:30,91.49,91.58
2017-04-13 09:53:31,91.49,91.58
2017-04-13 09:53:32,91.49,91.58
2017-04-13 09:53:33,91.49,91.58
2017-04-13 09:53:34,91.48,91.58
2017-04-13 09:53:35,91.49,91.58
2017-04-13 09:53:36,91.49,91.58
2017-04-13 09:53:37,91.49,91.58
2017-04-13 09:53:38,91.49,91.58
2017-04-13 09:53:39,91.49,91.58
2017-04-13 09:53:40,91.49,91.58
2017-04-13 09:53:41,91.49,91.58
2017-04-13 09:53:42,91.46,91.57
2017-04-13 09:53:43,91.46,91.57
2017-04-13 09:53:44,91.46,91.57
2017-04-13 09:53:45,91.46,91.57
2017-04-13 09:53:46,91.46,91.57
2017-04-13 09:53:47,91.5,91.57
2017-04-13 09:53:48,91.5,91.57
2017-04-13 09:53:49,91.5,91.57
2017-04-13 09:53:50,91.5,91.57
2017-04-13 09:53:51,91.5,91.57
2017-04-13 09:53:52,91.5,91.57
2017-04-13 09:53:53,91.5,91.57
2017-04-13 09:53:54,91.5,91.57
2017-04-13 09:53:55,91.5,91.57
2017-04-13 09:53:56,91.5,91.57
2017-04-13 09:53:57,91.5,91.57
2017-04-13 09:53:58,91.5,91.57
2017-04-13 09:53:59,91.5,91.57
2017-04-13 09:54:00,91.5,91.57
2017-04-13 09:54:01,91.5,91.57
2017-04-13 09:54:02,91.5,91.57
2017-04-13 09:54:03,91.5,91.57
2017-04-13 09:54:04,91.5,91.57
2017-04-13 09:54:05,91.5,91.57
2017-04-13 09:54:06,91.5,91.57
2017-04-13 09:54:07,91.5,91.57
2017-04-13 09:54:08,91.5,91.57
2017-04-13 09:54:09,91.5,91.57
2017-04-13 09:54:10,91.5,91.57
2017-04-13 09:54:11,91.5,91.57
2017-04-13 09:54:12,91.5,91.56
2017-04-13 09:54:13,91.5,91.56
2017-04-13 09:54:14,91.5,91.56
2017-04-13 09:54:15,91.5,91.56
2017-04-13 09:54:16,91.5,91.56
2017-04-13 09:54:17,91.5,91.56
2017-04-13 09:54:18,91.5,91.56
2017-04-13 09:54:19,91.5,91.56
2017-04-13 09:54:20,91.5,91.56
2017-04-13 09:54:21,91.5,91.56
2017-04-13 09:54:22,91.5,91.56
2017-04-13 09:54:23,91.5,91.56
2017-04-13 09:54:24,91.5,91.56
2017-04-13 09:54:25,91.5,91.56
2017-04-13 09:54:26,91.5,91.56
2017-04-13 09:54:27,91.5,91.56
2017-04-13 09:54:28,91.5,91.56
2017-04-13 09:54:29,91.5,91.56
2017-04-13 09:54:30,91.5,91.56
2017-04-13 09:54:31,91.5,91.56
2017-04-13 09:54:32,91.5,91.56
2017-04-13 09:54:33,91.5,91.56
2017-04-13 09:54:34,91.5,91.56
2017-04-13 09:54:35,91.5,91.56
2017-04-13 09:54:36,91.5,91.56
2017-04-13 09:54:37,91.5,91.56
2017-04-13 09:54:38,91.5,91.56
2017-04-13 09:54:39,91.5,91.56
2017-04-13 09:54:40,91.5,91.56
2017-04-13 09:54:41,91.5,91.56
2017-04-13 09:54:42,91.5,91.56
2017-04-13 09:54:43,91.5,91.56
2017-04-13 09:54:44,91.5,91.56
2017-04-13 09:54:45,91.5,91.56
2017-04-13 09:54:46,91.5,91.56
2017-04-13 09:54:47,91.5,91.56
2017-04-13 09:54:48,91.5,91.56
2017-04-13 09:54:49,91.5,91.56
2017-04-13 09:54:50,91.5,91.56
2017-04-13 09:54:51,91.5,91.56
2017-04-13 09:54:52,91.5,91.56
2017-04-13 09:54:53,91.5,91.56
2017-04-13 09:54:54,91.5,91.56
2017-04-13 09:54:55,91.5,91.56
2017-04-13 09:54:56,91.5,91.56
2017-04-13 09:54:57,91.5,91.56
2017-04-13 09:54:58,91.5,91.56
2017-04-13 09:54:59,91.5,91.56
2017-04-13 09:55:00,91.5,91.56
2017-04-13 09:55:01,91.5,91.56
2017-04-13 09:55:02,91.5,91.56
2017-04-13 09:55:03,91.5,91.56
2017-04-13 09:55:04,91.5,91.56
2017-04-13 09:55:05,91.5,91.56
2017-04-13 09:55:06,91.5,91.56
2017-04-13 09:55:07,91.46,91.53
2017-04-13 09:55:08,91.46,91.53
2017-04-13 09:55:09,91.46,91.53
2017-04-13 09:55:10,91.46,91.53
2017-04-13 09:55:11,91.46,91.53
2017-04-13 09:55:12,91.46,91.53
2017-04-13 09:55:13,91.47,91.53
2017-04-13 09:55:14,91.47,91.53
2017-04-13 09:55:15,91.47,91.53
2017-04-13 09:55:16,91.47,91.53
2017-04-13 09:55:17,91.47,91.53
2017-04-13 09:55:18,91.47,91.53
2017-04-13 09:55:19,91.47,91.53
2017-04-13 09:55:20,91.47,91.53
2017-04-13 09:55:21,91.47,91.53
2017-04-13 09:55:22,91.47,91.53
2017-04-13 09:55:23,91.47,91.53
2017-04-13 09:55:24,91.47,91.53
2017-04-13 09:55:25,91.48,91.52
2017-04-13 09:55:26,91.48,91.52
2017-04-13 09:55:27,91.48,91.52
2017-04-13 09:55:28,91.48,91.52
2017-04-13 09:55:29,91.48,91.52
2017-04-13 09:55:30,91.48,91.52
2017-04-13 09:55:31,91.48,91.52
2017-04-13 09:55:32,91.48,91.52
2017-04-13 09:55:33,91.48,91.52
2017-04-13 09:55:34,91.47,91.52
2017-04-13 09:55:35,91.47,91.52
2017-04-13 09:55:36,91.47,91.52
2017-04-13 09:55:37,91.47,91.52
2017-04-13 09:55:38,91.47,91.51
2017-04-13 09:55:39,91.47,91.51
2017-04-13 09:55:40,91.47,91.51
2017-04-13 09:55:41,91.47,91.51
2017-04-13 09:55:42,91.47,91.51
2017-04-13 09:55:43,91.47,91.51
2017-04-13 09:55:44,91.47,91.51
2017-04-13 09:55:45,91.48,91.58
2017-04-13 09:55:46,91.49,91.58
2017-04-13 09:55:47,91.49,91.58
2017-04-13 09:55:48,91.49,91.58
2017-04-13 09:55:49,91.49,91.58
2017-04-13 09:55:50,91.49,91.57
2017-04-13 09:55:51,91.49,91.57
2017-04-13 09:55:52,91.49,91.56
2017-04-13 09:55:53,91.49,91.56
2017-04-13 09:55:54,91.49,91.56
2017-04-13 09:55:55,91.49,91.56
2017-04-13 09:55:56,91.47,91.56
2017-04-13 09:55:57,91.48,91.56
2017-04-13 09:55:58,91.51,91.56
2017-04-13 09:55:59,91.51,91.56
2017-04-13 09:56:00,91.51,91.56
2017-04-13 09:56:01,91.51,91.56
2017-04-13 09:56:02,91.51,91.56
2017-04-13 09:56:03,91.51,91.56
2017-04-13 09:56:04,91.51,91.56
2017-04-13 09:56:05,91.51,91.56
2017-04-13 09:56:06,91.51,91.56
2017-04-13 09:56:07,91.51,91.56
2017-04-13 09:56:08,91.51,91.56
2017-04-13 09:56:09,91.51,91.56
2017-04-13 09:56:10,91.51,91.56
2017-04-13 09:56:11,91.51,91.56
2017-04-13 09:56:12,91.47,91.54
2017-04-13 09:56:13,91.47,91.54
2017-04-13 09:56:14,91.47,91.54
2017-04-13 09:56:15,91.47,91.54
2017-04-13 09:56:16,91.47,91.54
2017-04-13 09:56:17,91.46,91.54
2017-04-13 09:56:18,91.46,91.53
2017-04-13 09:56:19,91.46,91.53
2017-04-13 09:56:20,91.46,91.53
2017-04-13 09:56:21,91.46,91.53
2017-04-13 09:56:22,91.46,91.53
2017-04-13 09:56:23,91.46,91.53
2017-04-13 09:56:24,91.46,91.53
2017-04-13 09:56:25,91.46,91.53
2017-04-13 09:56:26,91.46,91.53
2017-04-13 09:56:27,91.46,91.53
2017-04-13 09:56:28,91.46,91.53
2017-04-13 09:56:29,91.46,91.53
2017-04-13 09:56:30,91.46,91.53
2017-04-13 09:56:31,91.46,91.53
2017-04-13 09:56:32,91.46,91.53
2017-04-13 09:56:33,91.46,91.53
2017-04-13 09:56:34,91.46,91.53
2017-04-13 09:56:35,91.46,91.53
2017-04-13 09:56:36,91.46,91.53
2017-04-13 09:56:37,91.46,91.53
2017-04-13 09:56:38,91.46,91.53
2017-04-13 09:56:39,91.46,91.53
2017-04-13 09:56:40,91.46,91.53
2017-04-13 09:56:41,91.46,91.53
2017-04-13 09:56:42,91.46,91.53
2017-04-13 09:56:43,91.46,91.53
2017-04-13 09:56:44,91.46,91.53
2017-04-13 09:56:45,91.46,91.53
2017-04-13 09:56:46,91.46,91.53
2017-04-13 09:56:47,91.46,91.53
2017-04-13 09:56:48,91.46,91.53
2017-04-13 09:56:49,91.46,91.53
2017-04-13 09:56:50,91.49,91.54
2017-04-13 09:56:51,91.49,91.54
2017-04-13 09:56:52,91.49,91.54
2017-04-13 09:56:53,91.49,91.54
2017-04-13 09:56:54,91.49,91.54
2017-04-13 09:56:55,91.49,91.54
2017-04-13 09:56:56,91.49,91.54
2017-04-13 09:56:57,91.49,91.54
2017-04-13 09:56:58,91.49,91.54
2017-04-13 09:56:59,91.49,91.54
2017-04-13 09:57:00,91.47,91.54
2017-04-13 09:57:01,91.47,91.54
2017-04-13 09:57:02,91.47,91.54
2017-04-13 09:57:03,91.47,91.54
2017-04-13 09:57:04,91.49,91.56
2017-04-13 09:57:05,91.49,91.56
2017-04-13 09:57:06,91.49,91.56
2017-04-13 09:57:07,91.49,91.56
2017-04-13 09:57:08,91.49,91.56
2017-04-13 09:57:09,91.49,91.56
2017-04-13 09:57:10,91.49,91.56
2017-04-13 09:57:11,91.49,91.56
2017-04-13 09:57:12,91.49,91.56
2017-04-13 09:57:13,91.49,91.56
2017-04-13 09:57:14,91.49,91.56
2017-04-13 09:57:15,91.49,91.56
2017-04-13 09:57:16,91.49,91.56
2017-04-13 09:57:17,91.49,91.56
2017-04-13 09:57:18,91.49,91.56
2017-04-13 09:57:19,91.49,91.56
2017-04-13 09:57:20,91.49,91.56
2017-04-13 09:57:21,91.49,91.56
2017-04-13 09:57:22,91.49,91.56
2017-04-13 09:57:23,91.49,91.56
2017-04-13 09:57:24,91.49,91.56
2017-04-13 09:57:25,91.49,91.56
2017-04-13 09:57:26,91.49,91.56
2017-04-13 09:57:27,91.49,91.56
2017-04-13 09:57:28,91.49,91.56
2017-04-13 09:57:29,91.49,91.56
2017-04-13 09:57:30,91.49,91.56
2017-04-13 09:57:31,91.49,91.56
2017-04-13 09:57:32,91.49,91.56
2017-04-13 09:57:33,91.49,91.56
2017-04-13 09:57:34,91.49,91.56
2017-04-13 09:57:35,91.49,91.56
2017-04-13 09:57:36,91.49,91.56
2017-04-13 09:57:37,91.49,91.56
2017-04-13 09:57:38,91.49,91.56
2017-04-13 09:57:39,91.49,91.56
2017-04-13 09:57:40,91.49,91.56
2017-04-13 09:57:41,91.49,91.56
2017-04-13 09:57:42,91.49,91.56
2017-04-13 09:57:43,91.49,91.56
2017-04-13 09:57:44,91.49,91.56
2017-04-13 09:57:45,91.49,91.56
2017-04-13 09:57:46,91.49,91.56
2017-04-13 09:57:47,91.49,91.56
2017-04-13 09:57:48,91.49,91.56
2017-04-13 09:57:49,91.49,91.56
2017-04-13 09:57:50,91.49,91.56
2017-04-13 09:57:51,91.49,91.56
2017-04-13 09:57:52,91.49,91.56
2017-04-13 09:57:53,91.49,91.56
2017-04-13 09:57:54,91.49,91.56
2017-04-13 09:57:55,91.49,91.56
2017-04-13 09:57:56,91.49,91.56
2017-04-13 09:57:57,91.49,91.56
2017-04-13 09:57:58,91.49,91.56
2017-04-13 09:57:59,91.51,91.57
2017-04-13 09:58:00,91.51,91.57
2017-04-13 09:58:01,91.53,91.57
2017-04-13 09:58:02,91.52,91.57
2017-04-13 09:58:03,91.52,91.57
2017-04-13 09:58:04,91.52,91.57
2017-04-13 09:58:05,91.52,91.57
2017-04-13 09:58:06,91.52,91.57
2017-04-13 09:58:07,91.52,91.56
2017-04-13 09:58:08,91.52,91.56
2017-04-13 09:58:09,91.52,91.56
2017-04-13 09:58:10,91.52,91.56
2017-04-13 09:58:11,91.49,91.56
2017-04-13 09:58:12,91.47,91.55
2017-04-13 09:58:13,91.47,91.55
2017-04-13 09:58:14,91.47,91.55
2017-04-13 09:58:15,91.47,91.55
2017-04-13 09:58:16,91.47,91.55
2017-04-13 09:58:17,91.49,91.55
2017-04-13 09:58:18,91.49,91.55
2017-04-13 09:58:19,91.49,91.55
2017-04-13 09:58:20,91.49,91.55
2017-04-13 09:58:21,91.49,91.56
2017-04-13 09:58:22,91.49,91.56
2017-04-13 09:58:23,91.49,91.56
2017-04-13 09:58:24,91.49,91.56
2017-04-13 09:58:25,91.49,91.56
2017-04-13 09:58:26,91.49,91.56
2017-04-13 09:58:27,91.49,91.56
2017-04-13 09:58:28,91.49,91.56
2017-04-13 09:58:29,91.49,91.56
2017-04-13 09:58:30,91.49,91.56
2017-04-13 09:58:31,91.49,91.56
2017-04-13 09:58:32,91.49,91.56
2017-04-13 09:58:33,91.49,91.56
2017-04-13 09:58:34,91.49,91.56
2017-04-13 09:58:35,91.49,91.56
2017-04-13 09:58:36,91.49,91.56
2017-04-13 09:58:37,91.49,91.55
2017-04-13 09:58:38,91.49,91.55
2017-04-13 09:58:39,91.49,91.55
2017-04-13 09:58:40,91.49,91.55
2017-04-13 09:58:41,91.49,91.55
2017-04-13 09:58:42,91.49,91.55
2017-04-13 09:58:43,91.49,91.55
2017-04-13 09:58:44,91.49,91.55
2017-04-13 09:58:45,91.49,91.55
2017-04-13 09:58:46,91.49,91.55
2017-04-13 09:58:47,91.49,91.55
2017-04-13 09:58:48,91.49,91.55
2017-04-13 09:58:49,91.49,91.55
2017-04-13 09:58:50,91.49,91.55
2017-04-13 09:58:51,91.49,91.55
2017-04-13 09:58:52,91.49,91.55
2017-04-13 09:58:53,91.49,91.55
2017-04-13 09:58:54,91.49,91.55
2017-04-13 09:58:55,91.49,91.55
2017-04-13 09:58:56,91.49,91.55
2017-04-13 09:58:57,91.49,91.55
2017-04-13 09:58:58,91.49,91.55
2017-04-13 09:58:59,91.49,91.55
2017-04-13 09:59:00,91.49,91.55
2017-04-13 09:59:01,91.49,91.54
2017-04-13 09:59:02,91.49,91.54
2017-04-13 09:59:03,91.49,91.54
2017-04-13 09:59:04,91.49,91.54
2017-04-13 09:59:05,91.49,91.54
2017-04-13 09:59:06,91.49,91.54
2017-04-13 09:59:07,91.49,91.54
2017-04-13 09:59:08,91.49,91.54
2017-04-13 09:59:09,91.49,91.54
2017-04-13 09:59:10,91.49,91.54
2017-04-13 09:59:11,91.49,91.54
2017-04-13 09:59:12,91.49,91.54
2017-04-13 09:59:13,91.49,91.54
2017-04-13 09:59:14,91.49,91.54
2017-04-13 09:59:15,91.49,91.54
2017-04-13 09:59:16,91.49,91.54
2017-04-13 09:59:17,91.46,91.52
2017-04-13 09:59:18,91.46,91.52
2017-04-13 09:59:19,91.46,91.52
2017-04-13 09:59:20,91.46,91.52
2017-04-13 09:59:21,91.46,91.52
2017-04-13 09:59:22,91.44,91.51
2017-04-13 09:59:23,91.44,91.51
2017-04-13 09:59:24,91.44,91.52
2017-04-13 09:59:25,91.44,91.52
2017-04-13 09:59:26,91.44,91.52
2017-04-13 09:59:27,91.44,91.52
2017-04-13 09:59:28,91.46,91.52
2017-04-13 09:59:29,91.44,91.51
2017-04-13 09:59:30,91.44,91.51
2017-04-13 09:59:31,91.44,91.51
2017-04-13 09:59:32,91.44,91.51
2017-04-13 09:59:33,91.41,91.46
2017-04-13 09:59:34,91.41,91.46
2017-04-13 09:59:35,91.41,91.46
2017-04-13 09:59:36,91.41,91.46
2017-04-13 09:59:37,91.41,91.46
2017-04-13 09:59:38,91.41,91.46
2017-04-13 09:59:39,91.41,91.46
2017-04-13 09:59:40,91.41,91.46
2017-04-13 09:59:41,91.36,91.46
2017-04-13 09:59:42,91.36,91.46
2017-04-13 09:59:43,91.36,91.46
2017-04-13 09:59:44,91.36,91.46
2017-04-13 09:59:45,91.36,91.46
2017-04-13 09:59:46,91.36,91.46
2017-04-13 09:59:47,91.36,91.46
2017-04-13 09:59:48,91.36,91.46
2017-04-13 09:59:49,91.36,91.46
2017-04-13 09:59:50,91.36,91.46
2017-04-13 09:59:51,91.36,91.46
2017-04-13 09:59:52,91.36,91.46
2017-04-13 09:59:53,91.36,91.46
2017-04-13 09:59:54,91.36,91.46
2017-04-13 09:59:55,91.36,91.46
2017-04-13 09:59:56,91.36,91.46
2017-04-13 09:59:57,91.36,91.46
2017-04-13 09:59:58,91.36,91.46
2017-04-13 09:59:59,91.36,91.46
2017-04-13 10:00:00,91.36,91.46
2017-04-13 10:00:01,91.41,91.46
2017-04-13 10:00:02,91.41,91.46
2017-04-13 10:00:03,91.41,91.46
2017-04-13 10:00:04,91.41,91.46
2017-04-13 10:00:05,91.41,91.46
2017-04-13 10:00:06,91.42,91.64
2017-04-13 10:00:07,91.42,91.64
2017-04-13 10:00:08,91.42,91.64
2017-04-13 10:00:09,91.42,91.51
2017-04-13 10:00:10,91.42,91.51
2017-04-13 10:00:11,91.42,91.51
2017-04-13 10:00:12,91.42,91.51
2017-04-13 10:00:13,91.42,91.51
2017-04-13 10:00:14,91.42,91.51
2017-04-13 10:00:15,91.42,91.51
2017-04-13 10:00:16,91.43,91.51
2017-04-13 10:00:17,91.45,91.51
2017-04-13 10:00:18,91.45,91.51
2017-04-13 10:00:19,91.45,91.51
2017-04-13 10:00:20,91.45,91.51
2017-04-13 10:00:21,91.45,91.51
2017-04-13 10:00:22,91.45,91.51
2017-04-13 10:00:23,91.45,91.51
2017-04-13 10:00:24,91.45,91.51
2017-04-13 10:00:25,91.45,91.51
2017-04-13 10:00:26,91.45,91.51
2017-04-13 10:00:27,91.45,91.51
2017-04-13 10:00:28,91.45,91.51
2017-04-13 10:00:29,91.45,91.51
2017-04-13 10:00:30,91.45,91.51
2017-04-13 10:00:31,91.45,91.51
2017-04-13 10:00:32,91.45,91.51
2017-04-13 10:00:33,91.45,91.51
2017-04-13 10:00:34,91.45,91.51
2017-04-13 10:00:35,91.45,91.51
2017-04-13 10:00:36,91.45,91.51
2017-04-13 10:00:37,91.45,91.51
2017-04-13 10:00:38,91.45,91.51
2017-04-13 10:00:39,91.45,91.51
2017-04-13 10:00:40,91.45,91.51
2017-04-13 10:00:41,91.45,91.51
2017-04-13 10:00:42,91.45,91.51
2017-04-13 10:00:43,91.45,91.51
2017-04-13 10:00:44,91.45,91.51
2017-04-13 10:00:45,91.45,91.51
2017-04-13 10:00:46,91.45,91.51
2017-04-13 10:00:47,91.45,91.51
2017-04-13 10:00:48,91.45,91.51
2017-04-13 10:00:49,91.45,91.51
2017-04-13 10:00:50,91.45,91.51
2017-04-13 10:00:51,91.45,91.51
2017-04-13 10:00:52,91.45,91.51
2017-04-13 10:00:53,91.45,91.51
2017-04-13 10:00:54,91.45,91.51
2017-04-13 10:00:55,91.45,91.51
2017-04-13 10:00:56,91.45,91.51
2017-04-13 10:00:57,91.45,91.51
2017-04-13 10:00:58,91.45,91.51
2017-04-13 10:00:59,91.45,91.51
2017-04-13 10:01:00,91.45,91.51
2017-04-13 10:01:01,91.45,91.51
2017-04-13 10:01:02,91.45,91.51
2017-04-13 10:01:03,91.45,91.51
2017-04-13 10:01:04,91.45,91.51
2017-04-13 10:01:05,91.45,91.51
2017-04-13 10:01:06,91.45,91.51
2017-04-13 10:01:07,91.45,91.51
2017-04-13 10:01:08,91.46,91.51
2017-04-13 10:01:09,91.46,91.56
2017-04-13 10:01:10,91.46,91.56
2017-04-13 10:01:11,91.46,91.51
2017-04-13 10:01:12,91.46,91.51
2017-04-13 10:01:13,91.46,91.51
2017-04-13 10:01:14,91.46,91.51
2017-04-13 10:01:15,91.46,91.51
2017-04-13 10:01:16,91.46,91.51
2017-04-13 10:01:17,91.46,91.51
2017-04-13 10:01:18,91.45,91.51
2017-04-13 10:01:19,91.45,91.51
2017-04-13 10:01:20,91.45,91.51
2017-04-13 10:01:21,91.45,91.51
2017-04-13 10:01:22,91.45,91.51
2017-04-13 10:01:23,91.45,91.51
2017-04-13 10:01:24,91.45,91.51
2017-04-13 10:01:25,91.45,91.5
2017-04-13 10:01:26,91.45,91.5
2017-04-13 10:01:27,91.45,91.5
2017-04-13 10:01:28,91.45,91.5
2017-04-13 10:01:29,91.45,91.5
2017-04-13 10:01:30,91.45,91.5
2017-04-13 10:01:31,91.45,91.5
2017-04-13 10:01:32,91.45,91.5
2017-04-13 10:01:33,91.45,91.5
2017-04-13 10:01:34,91.45,91.5
2017-04-13 10:01:35,91.45,91.5
2017-04-13 10:01:36,91.45,91.5
2017-04-13 10:01:37,91.45,91.5
2017-04-13 10:01:38,91.45,91.5
2017-04-13 10:01:39,91.45,91.5
2017-04-13 10:01:40,91.45,91.5
2017-04-13 10:01:41,91.45,91.5
2017-04-13 10:01:42,91.45,91.5
2017-04-13 10:01:43,91.45,91.5
2017-04-13 10:01:44,91.45,91.5
2017-04-13 10:01:45,91.45,91.5
2017-04-13 10:01:46,91.45,91.5
2017-04-13 10:01:47,91.45,91.5
2017-04-13 10:01:48,91.45,91.5
2017-04-13 10:01:49,91.45,91.5
2017-04-13 10:01:50,91.45,91.5
2017-04-13 10:01:51,91.45,91.5
2017-04-13 10:01:52,91.46,91.55
2017-04-13 10:01:53,91.46,91.55
2017-04-13 10:01:54,91.46,91.55
2017-04-13 10:01:55,91.46,91.53
2017-04-13 10:01:56,91.48,91.53
2017-04-13 10:01:57,91.48,91.53
2017-04-13 10:01:58,91.48,91.53
2017-04-13 10:01:59,91.48,91.53
2017-04-13 10:02:00,91.48,91.53
2017-04-13 10:02:01,91.48,91.53
2017-04-13 10:02:02,91.48,91.53
2017-04-13 10:02:03,91.49,91.55
2017-04-13 10:02:04,91.51,91.6
2017-04-13 10:02:05,91.51,91.6
2017-04-13 10:02:06,91.52,91.6
2017-04-13 10:02:07,91.52,91.6
2017-04-13 10:02:08,91.52,91.6
2017-04-13 10:02:09,91.52,91.6
2017-04-13 10:02:10,91.52,91.6
2017-04-13 10:02:11,91.52,91.6
2017-04-13 10:02:12,91.52,91.6
2017-04-13 10:02:13,91.52,91.6
2017-04-13 10:02:14,91.52,91.6
2017-04-13 10:02:15,91.53,91.6
2017-04-13 10:02:16,91.53,91.6
2017-04-13 10:02:17,91.57,91.63
2017-04-13 10:02:18,91.57,91.63
2017-04-13 10:02:19,91.57,91.63
2017-04-13 10:02:20,91.57,91.63
2017-04-13 10:02:21,91.57,91.63
2017-04-13 10:02:22,91.57,91.63
2017-04-13 10:02:23,91.57,91.63
2017-04-13 10:02:24,91.57,91.63
2017-04-13 10:02:25,91.58,91.63
2017-04-13 10:02:26,91.58,91.63
2017-04-13 10:02:27,91.58,91.63
2017-04-13 10:02:28,91.58,91.63
2017-04-13 10:02:29,91.58,91.63
2017-04-13 10:02:30,91.59,91.65
2017-04-13 10:02:31,91.59,91.65
2017-04-13 10:02:32,91.59,91.65
2017-04-13 10:02:33,91.59,91.65
2017-04-13 10:02:34,91.59,91.65
2017-04-13 10:02:35,91.59,91.65
2017-04-13 10:02:36,91.59,91.65
2017-04-13 10:02:37,91.6,91.65
2017-04-13 10:02:38,91.6,91.65
2017-04-13 10:02:39,91.6,91.65
2017-04-13 10:02:40,91.6,91.65
2017-04-13 10:02:41,91.6,91.65
2017-04-13 10:02:42,91.6,91.65
2017-04-13 10:02:43,91.6,91.65
2017-04-13 10:02:44,91.6,91.65
2017-04-13 10:02:45,91.6,91.65
2017-04-13 10:02:46,91.6,91.65
2017-04-13 10:02:47,91.6,91.65
2017-04-13 10:02:48,91.6,91.65
2017-04-13 10:02:49,91.6,91.65
2017-04-13 10:02:50,91.6,91.65
2017-04-13 10:02:51,91.6,91.65
2017-04-13 10:02:52,91.6,91.65
2017-04-13 10:02:53,91.6,91.65
2017-04-13 10:02:54,91.6,91.65
2017-04-13 10:02:55,91.6,91.65
2017-04-13 10:02:56,91.6,91.65
2017-04-13 10:02:57,91.6,91.65
2017-04-13 10:02:58,91.6,91.65
2017-04-13 10:02:59,91.6,91.65
2017-04-13 10:03:00,91.6,91.65
2017-04-13 10:03:01,91.6,91.65
2017-04-13 10:03:02,91.6,91.65
2017-04-13 10:03:03,91.6,91.65
2017-04-13 10:03:04,91.6,91.65
2017-04-13 10:03:05,91.6,91.65
2017-04-13 10:03:06,91.6,91.65
2017-04-13 10:03:07,91.6,91.65
2017-04-13 10:03:08,91.6,91.65
2017-04-13 10:03:09,91.6,91.65
2017-04-13 10:03:10,91.6,91.65
2017-04-13 10:03:11,91.54,91.62
2017-04-13 10:03:12,91.54,91.62
2017-04-13 10:03:13,91.54,91.62
2017-04-13 10:03:14,91.54,91.62
2017-04-13 10:03:15,91.54,91.61
2017-04-13 10:03:16,91.54,91.61
2017-04-13 10:03:17,91.54,91.61
2017-04-13 10:03:18,91.54,91.61
2017-04-13 10:03:19,91.54,91.61
2017-04-13 10:03:20,91.54,91.61
2017-04-13 10:03:21,91.54,91.64
2017-04-13 10:03:22,91.54,91.64
2017-04-13 10:03:23,91.54,91.64
2017-04-13 10:03:24,91.54,91.64
2017-04-13 10:03:25,91.54,91.64
2017-04-13 10:03:26,91.54,91.64
2017-04-13 10:03:27,91.54,91.64
2017-04-13 10:03:28,91.54,91.64
2017-04-13 10:03:29,91.54,91.64
2017-04-13 10:03:30,91.54,91.64
2017-04-13 10:03:31,91.54,91.64
2017-04-13 10:03:32,91.54,91.64
2017-04-13 10:03:33,91.54,91.64
2017-04-13 10:03:34,91.54,91.61
2017-04-13 10:03:35,91.54,91.61
2017-04-13 10:03:36,91.54,91.61
2017-04-13 10:03:37,91.54,91.61
2017-04-13 10:03:38,91.54,91.61
2017-04-13 10:03:39,91.54,91.61
2017-04-13 10:03:40,91.54,91.61
2017-04-13 10:03:41,91.54,91.61
2017-04-13 10:03:42,91.54,91.61
2017-04-13 10:03:43,91.54,91.61
2017-04-13 10:03:44,91.54,91.61
2017-04-13 10:03:45,91.54,91.61
2017-04-13 10:03:46,91.54,91.61
2017-04-13 10:03:47,91.54,91.61
2017-04-13 10:03:48,91.54,91.61
2017-04-13 10:03:49,91.54,91.61
2017-04-13 10:03:50,91.54,91.61
2017-04-13 10:03:51,91.54,91.61
2017-04-13 10:03:52,91.54,91.61
2017-04-13 10:03:53,91.54,91.61
2017-04-13 10:03:54,91.55,91.64
2017-04-13 10:03:55,91.55,91.64
2017-04-13 10:03:56,91.55,91.64
2017-04-13 10:03:57,91.55,91.64
2017-04-13 10:03:58,91.55,91.64
2017-04-13 10:03:59,91.55,91.64
2017-04-13 10:04:00,91.55,91.64
2017-04-13 10:04:01,91.55,91.64
2017-04-13 10:04:02,91.55,91.64
2017-04-13 10:04:03,91.55,91.64
2017-04-13 10:04:04,91.55,91.64
2017-04-13 10:04:05,91.55,91.64
2017-04-13 10:04:06,91.54,91.63
2017-04-13 10:04:07,91.54,91.63
2017-04-13 10:04:08,91.54,91.63
2017-04-13 10:04:09,91.52,91.63
2017-04-13 10:04:10,91.52,91.63
2017-04-13 10:04:11,91.52,91.63
2017-04-13 10:04:12,91.52,91.63
2017-04-13 10:04:13,91.46,91.62
2017-04-13 10:04:14,91.46,91.62
2017-04-13 10:04:15,91.46,91.62
2017-04-13 10:04:16,91.46,91.62
2017-04-13 10:04:17,91.46,91.62
2017-04-13 10:04:18,91.46,91.62
2017-04-13 10:04:19,91.46,91.62
2017-04-13 10:04:20,91.46,91.62
2017-04-13 10:04:21,91.54,91.62
2017-04-13 10:04:22,91.53,91.62
2017-04-13 10:04:23,91.46,91.62
2017-04-13 10:04:24,91.54,91.62
2017-04-13 10:04:25,91.54,91.62
2017-04-13 10:04:26,91.54,91.62
2017-04-13 10:04:27,91.54,91.62
2017-04-13 10:04:28,91.54,91.62
2017-04-13 10:04:29,91.54,91.62
2017-04-13 10:04:30,91.54,91.62
2017-04-13 10:04:31,91.54,91.64
2017-04-13 10:04:32,91.54,91.63
2017-04-13 10:04:33,91.54,91.63
2017-04-13 10:04:34,91.54,91.63
2017-04-13 10:04:35,91.54,91.63
2017-04-13 10:04:36,91.54,91.63
2017-04-13 10:04:37,91.54,91.63
2017-04-13 10:04:38,91.54,91.63
2017-04-13 10:04:39,91.54,91.63
2017-04-13 10:04:40,91.54,91.63
2017-04-13 10:04:41,91.54,91.63
2017-04-13 10:04:42,91.54,91.63
2017-04-13 10:04:43,91.54,91.63
2017-04-13 10:04:44,91.54,91.63
2017-04-13 10:04:45,91.54,91.63
2017-04-13 10:04:46,91.54,91.63
2017-04-13 10:04:47,91.54,91.63
2017-04-13 10:04:48,91.54,91.63
2017-04-13 10:04:49,91.54,91.63
2017-04-13 10:04:50,91.54,91.63
2017-04-13 10:04:51,91.54,91.63
2017-04-13 10:04:52,91.54,91.63
2017-04-13 10:04:53,91.54,91.63
2017-04-13 10:04:54,91.54,91.63
2017-04-13 10:04:55,91.54,91.63
2017-04-13 10:04:56,91.54,91.63
2017-04-13 10:04:57,91.54,91.63
2017-04-13 10:04:58,91.54,91.63
2017-04-13 10:04:59,91.54,91.63
2017-04-13 10:05:00,91.54,91.63
2017-04-13 10:05:01,91.54,91.63
2017-04-13 10:05:02,91.54,91.63
2017-04-13 10:05:03,91.54,91.63
2017-04-13 10:05:04,91.54,91.63
2017-04-13 10:05:05,91.54,91.63
2017-04-13 10:05:06,91.54,91.63
2017-04-13 10:05:07,91.54,91.63
2017-04-13 10:05:08,91.54,91.63
2017-04-13 10:05:09,91.54,91.63
2017-04-13 10:05:10,91.54,91.63
2017-04-13 10:05:11,91.54,91.63
2017-04-13 10:05:12,91.54,91.63
2017-04-13 10:05:13,91.54,91.63
2017-04-13 10:05:14,91.54,91.63
2017-04-13 10:05:15,91.54,91.63
2017-04-13 10:05:16,91.54,91.63
2017-04-13 10:05:17,91.54,91.63
2017-04-13 10:05:18,91.54,91.63
2017-04-13 10:05:19,91.54,91.63
2017-04-13 10:05:20,91.54,91.63
2017-04-13 10:05:21,91.54,91.63
2017-04-13 10:05:22,91.54,91.63
2017-04-13 10:05:23,91.54,91.63
2017-04-13 10:05:24,91.54,91.63
2017-04-13 10:05:25,91.55,91.63
2017-04-13 10:05:26,91.55,91.63
2017-04-13 10:05:27,91.55,91.63
2017-04-13 10:05:28,91.55,91.63
2017-04-13 10:05:29,91.55,91.63
2017-04-13 10:05:30,91.55,91.63
2017-04-13 10:05:31,91.55,91.63
2017-04-13 10:05:32,91.55,91.63
2017-04-13 10:05:33,91.55,91.63
2017-04-13 10:05:34,91.55,91.63
2017-04-13 10:05:35,91.55,91.63
2017-04-13 10:05:36,91.55,91.63
2017-04-13 10:05:37,91.55,91.63
2017-04-13 10:05:38,91.55,91.63
2017-04-13 10:05:39,91.55,91.63
2017-04-13 10:05:40,91.55,91.63
2017-04-13 10:05:41,91.55,91.63
2017-04-13 10:05:42,91.55,91.63
2017-04-13 10:05:43,91.55,91.63
2017-04-13 10:05:44,91.55,91.63
2017-04-13 10:05:45,91.55,91.63
2017-04-13 10:05:46,91.55,91.63
2017-04-13 10:05:47,91.55,91.63
2017-04-13 10:05:48,91.55,91.63
2017-04-13 10:05:49,91.55,91.63
2017-04-13 10:05:50,91.55,91.63
2017-04-13 10:05:51,91.55,91.63
2017-04-13 10:05:52,91.55,91.63
2017-04-13 10:05:53,91.55,91.63
2017-04-13 10:05:54,91.55,91.63
2017-04-13 10:05:55,91.55,91.63
2017-04-13 10:05:56,91.55,91.63
2017-04-13 10:05:57,91.55,91.63
2017-04-13 10:05:58,91.55,91.63
2017-04-13 10:05:59,91.55,91.63
2017-04-13 10:06:00,91.55,91.63
2017-04-13 10:06:01,91.55,91.63
2017-04-13 10:06:02,91.55,91.63
2017-04-13 10:06:03,91.55,91.63
2017-04-13 10:06:04,91.55,91.63
2017-04-13 10:06:05,91.55,91.63
2017-04-13 10:06:06,91.55,91.63
2017-04-13 10:06:07,91.55,91.63
2017-04-13 10:06:08,91.55,91.63
2017-04-13 10:06:09,91.55,91.63
2017-04-13 10:06:10,91.55,91.63
2017-04-13 10:06:11,91.55,91.63
2017-04-13 10:06:12,91.55,91.63
2017-04-13 10:06:13,91.55,91.63
2017-04-13 10:06:14,91.55,91.63
2017-04-13 10:06:15,91.55,91.63
2017-04-13 10:06:16,91.55,91.63
2017-04-13 10:06:17,91.55,91.63
2017-04-13 10:06:18,91.56,91.63
2017-04-13 10:06:19,91.56,91.63
2017-04-13 10:06:20,91.56,91.63
2017-04-13 10:06:21,91.56,91.63
2017-04-13 10:06:22,91.54,91.63
2017-04-13 10:06:23,91.54,91.63
2017-04-13 10:06:24,91.54,91.63
2017-04-13 10:06:25,91.54,91.63
2017-04-13 10:06:26,91.54,91.63
2017-04-13 10:06:27,91.54,91.63
2017-04-13 10:06:28,91.54,91.63
2017-04-13 10:06:29,91.54,91.63
2017-04-13 10:06:30,91.54,91.63
2017-04-13 10:06:31,91.54,91.62
2017-04-13 10:06:32,91.54,91.62
2017-04-13 10:06:33,91.54,91.62
2017-04-13 10:06:34,91.54,91.62
2017-04-13 10:06:35,91.54,91.62
2017-04-13 10:06:36,91.54,91.62
2017-04-13 10:06:37,91.54,91.62
2017-04-13 10:06:38,91.54,91.62
2017-04-13 10:06:39,91.54,91.62
2017-04-13 10:06:40,91.54,91.62
2017-04-13 10:06:41,91.54,91.62
2017-04-13 10:06:42,91.54,91.62
2017-04-13 10:06:43,91.54,91.62
2017-04-13 10:06:44,91.54,91.62
2017-04-13 10:06:45,91.54,91.62
2017-04-13 10:06:46,91.54,91.62
2017-04-13 10:06:47,91.54,91.62
2017-04-13 10:06:48,91.54,91.62
2017-04-13 10:06:49,91.54,91.62
2017-04-13 10:06:50,91.54,91.62
2017-04-13 10:06:51,91.54,91.62
2017-04-13 10:06:52,91.54,91.62
2017-04-13 10:06:53,91.54,91.62
2017-04-13 10:06:54,91.54,91.62
2017-04-13 10:06:55,91.54,91.62
2017-04-13 10:06:56,91.54,91.62
2017-04-13 10:06:57,91.54,91.62
2017-04-13 10:06:58,91.55,91.61
2017-04-13 10:06:59,91.55,91.61
2017-04-13 10:07:00,91.55,91.61
2017-04-13 10:07:01,91.58,91.61
2017-04-13 10:07:02,91.55,91.61
2017-04-13 10:07:03,91.55,91.62
2017-04-13 10:07:04,91.55,91.59
2017-04-13 10:07:05,91.55,91.59
2017-04-13 10:07:06,91.55,91.59
2017-04-13 10:07:07,91.55,91.62
2017-04-13 10:07:08,91.55,91.6
2017-04-13 10:07:09,91.55,91.6
2017-04-13 10:07:10,91.55,91.6
2017-04-13 10:07:11,91.55,91.6
2017-04-13 10:07:12,91.55,91.6
2017-04-13 10:07:13,91.55,91.6
2017-04-13 10:07:14,91.55,91.58
2017-04-13 10:07:15,91.55,91.58
2017-04-13 10:07:16,91.55,91.58
2017-04-13 10:07:17,91.55,91.58
2017-04-13 10:07:18,91.55,91.58
2017-04-13 10:07:19,91.55,91.58
2017-04-13 10:07:20,91.55,91.58
2017-04-13 10:07:21,91.55,91.58
2017-04-13 10:07:22,91.55,91.58
2017-04-13 10:07:23,91.55,91.58
2017-04-13 10:07:24,91.55,91.58
2017-04-13 10:07:25,91.55,91.58
2017-04-13 10:07:26,91.55,91.58
2017-04-13 10:07:27,91.55,91.58
2017-04-13 10:07:28,91.55,91.58
2017-04-13 10:07:29,91.55,91.58
2017-04-13 10:07:30,91.55,91.58
2017-04-13 10:07:31,91.55,91.57
2017-04-13 10:07:32,91.55,91.57
2017-04-13 10:07:33,91.55,91.57
2017-04-13 10:07:34,91.55,91.57
2017-04-13 10:07:35,91.55,91.58
2017-04-13 10:07:36,91.55,91.58
2017-04-13 10:07:37,91.55,91.58
2017-04-13 10:07:38,91.55,91.58
2017-04-13 10:07:39,91.55,91.58
2017-04-13 10:07:40,91.55,91.58
2017-04-13 10:07:41,91.55,91.58
2017-04-13 10:07:42,91.55,91.58
2017-04-13 10:07:43,91.55,91.58
2017-04-13 10:07:44,91.55,91.58
2017-04-13 10:07:45,91.55,91.58
2017-04-13 10:07:46,91.55,91.58
2017-04-13 10:07:47,91.55,91.58
2017-04-13 10:07:48,91.55,91.58
2017-04-13 10:07:49,91.55,91.58
2017-04-13 10:07:50,91.55,91.58
2017-04-13 10:07:51,91.55,91.58
2017-04-13 10:07:52,91.55,91.58
2017-04-13 10:07:53,91.55,91.58
2017-04-13 10:07:54,91.55,91.58
2017-04-13 10:07:55,91.55,91.58
2017-04-13 10:07:56,91.55,91.58
2017-04-13 10:07:57,91.52,91.55
2017-04-13 10:07:58,91.52,91.54
2017-04-13 10:07:59,91.52,91.54
2017-04-13 10:08:00,91.52,91.54
2017-04-13 10:08:01,91.52,91.54
2017-04-13 10:08:02,91.52,91.54
2017-04-13 10:08:03,91.48,91.54
2017-04-13 10:08:04,91.48,91.53
2017-04-13 10:08:05,91.48,91.53
2017-04-13 10:08:06,91.48,91.53
2017-04-13 10:08:07,91.48,91.53
2017-04-13 10:08:08,91.48,91.53
2017-04-13 10:08:09,91.48,91.53
2017-04-13 10:08:10,91.48,91.53
2017-04-13 10:08:11,91.48,91.53
2017-04-13 10:08:12,91.48,91.53
2017-04-13 10:08:13,91.48,91.53
2017-04-13 10:08:14,91.48,91.53
2017-04-13 10:08:15,91.48,91.53
2017-04-13 10:08:16,91.48,91.53
2017-04-13 10:08:17,91.48,91.53
2017-04-13 10:08:18,91.48,91.53
2017-04-13 10:08:19,91.48,91.53
2017-04-13 10:08:20,91.48,91.53
2017-04-13 10:08:21,91.48,91.53
2017-04-13 10:08:22,91.48,91.53
2017-04-13 10:08:23,91.48,91.53
2017-04-13 10:08:24,91.48,91.52
2017-04-13 10:08:25,91.48,91.52
2017-04-13 10:08:26,91.48,91.52
2017-04-13 10:08:27,91.48,91.52
2017-04-13 10:08:28,91.48,91.52
2017-04-13 10:08:29,91.48,91.52
2017-04-13 10:08:30,91.48,91.52
2017-04-13 10:08:31,91.48,91.52
2017-04-13 10:08:32,91.48,91.52
2017-04-13 10:08:33,91.48,91.52
2017-04-13 10:08:34,91.48,91.52
2017-04-13 10:08:35,91.48,91.52
2017-04-13 10:08:36,91.48,91.52
2017-04-13 10:08:37,91.48,91.52
2017-04-13 10:08:38,91.48,91.52
2017-04-13 10:08:39,91.48,91.52
2017-04-13 10:08:40,91.48,91.51
2017-04-13 10:08:41,91.48,91.51
2017-04-13 10:08:42,91.48,91.51
2017-04-13 10:08:43,91.48,91.51
2017-04-13 10:08:44,91.45,91.5
2017-04-13 10:08:45,91.45,91.5
2017-04-13 10:08:46,91.45,91.5
2017-04-13 10:08:47,91.45,91.5
2017-04-13 10:08:48,91.45,91.5
2017-04-13 10:08:49,91.45,91.5
2017-04-13 10:08:50,91.45,91.5
2017-04-13 10:08:51,91.45,91.5
2017-04-13 10:08:52,91.45,91.5
2017-04-13 10:08:53,91.47,91.5
2017-04-13 10:08:54,91.47,91.5
2017-04-13 10:08:55,91.47,91.5
2017-04-13 10:08:56,91.47,91.5
2017-04-13 10:08:57,91.43,91.49
2017-04-13 10:08:58,91.42,91.49
2017-04-13 10:08:59,91.42,91.49
2017-04-13 10:09:00,91.42,91.49
2017-04-13 10:09:01,91.42,91.49
2017-04-13 10:09:02,91.42,91.49
2017-04-13 10:09:03,91.42,91.49
2017-04-13 10:09:04,91.42,91.49
2017-04-13 10:09:05,91.42,91.49
2017-04-13 10:09:06,91.42,91.49
2017-04-13 10:09:07,91.42,91.49
2017-04-13 10:09:08,91.42,91.49
2017-04-13 10:09:09,91.42,91.49
2017-04-13 10:09:10,91.43,91.49
2017-04-13 10:09:11,91.45,91.49
2017-04-13 10:09:12,91.45,91.49
2017-04-13 10:09:13,91.45,91.49
2017-04-13 10:09:14,91.45,91.49
2017-04-13 10:09:15,91.45,91.49
2017-04-13 10:09:16,91.45,91.49
2017-04-13 10:09:17,91.45,91.49
2017-04-13 10:09:18,91.45,91.49
2017-04-13 10:09:19,91.45,91.49
2017-04-13 10:09:20,91.45,91.49
2017-04-13 10:09:21,91.45,91.49
2017-04-13 10:09:22,91.45,91.49
2017-04-13 10:09:23,91.45,91.49
2017-04-13 10:09:24,91.45,91.49
2017-04-13 10:09:25,91.45,91.49
2017-04-13 10:09:26,91.45,91.49
2017-04-13 10:09:27,91.45,91.49
2017-04-13 10:09:28,91.45,91.49
2017-04-13 10:09:29,91.45,91.49
2017-04-13 10:09:30,91.45,91.49
2017-04-13 10:09:31,91.49,91.55
2017-04-13 10:09:32,91.52,91.64
2017-04-13 10:09:33,91.52,91.62
2017-04-13 10:09:34,91.52,91.62
2017-04-13 10:09:35,91.52,91.65
2017-04-13 10:09:36,91.52,91.65
2017-04-13 10:09:37,91.52,91.64
2017-04-13 10:09:38,91.52,91.61
2017-04-13 10:09:39,91.52,91.61
2017-04-13 10:09:40,91.52,91.61
2017-04-13 10:09:41,91.52,91.61
2017-04-13 10:09:42,91.52,91.61
2017-04-13 10:09:43,91.52,91.61
2017-04-13 10:09:44,91.52,91.61
2017-04-13 10:09:45,91.52,91.6
2017-04-13 10:09:46,91.52,91.59
2017-04-13 10:09:47,91.52,91.59
2017-04-13 10:09:48,91.52,91.59
2017-04-13 10:09:49,91.52,91.59
2017-04-13 10:09:50,91.52,91.59
2017-04-13 10:09:51,91.52,91.59
2017-04-13 10:09:52,91.52,91.58
2017-04-13 10:09:53,91.52,91.58
2017-04-13 10:09:54,91.52,91.58
2017-04-13 10:09:55,91.52,91.58
2017-04-13 10:09:56,91.52,91.58
2017-04-13 10:09:57,91.52,91.58
2017-04-13 10:09:58,91.52,91.58
2017-04-13 10:09:59,91.52,91.59
2017-04-13 10:10:00,91.52,91.59
2017-04-13 10:10:01,91.52,91.59
2017-04-13 10:10:02,91.49,91.58
2017-04-13 10:10:03,91.49,91.58
2017-04-13 10:10:04,91.49,91.58
2017-04-13 10:10:05,91.49,91.58
2017-04-13 10:10:06,91.49,91.58
2017-04-13 10:10:07,91.49,91.58
2017-04-13 10:10:08,91.49,91.58
2017-04-13 10:10:09,91.49,91.57
2017-04-13 10:10:10,91.49,91.57
2017-04-13 10:10:11,91.49,91.57
2017-04-13 10:10:12,91.49,91.57
2017-04-13 10:10:13,91.49,91.57
2017-04-13 10:10:14,91.49,91.57
2017-04-13 10:10:15,91.49,91.57
2017-04-13 10:10:16,91.49,91.57
2017-04-13 10:10:17,91.49,91.57
2017-04-13 10:10:18,91.49,91.57
2017-04-13 10:10:19,91.49,91.57
2017-04-13 10:10:20,91.49,91.57
2017-04-13 10:10:21,91.49,91.57
2017-04-13 10:10:22,91.46,91.54
2017-04-13 10:10:23,91.45,91.54
2017-04-13 10:10:24,91.45,91.54
2017-04-13 10:10:25,91.45,91.54
2017-04-13 10:10:26,91.46,91.54
2017-04-13 10:10:27,91.46,91.54
2017-04-13 10:10:28,91.46,91.54
2017-04-13 10:10:29,91.46,91.54
2017-04-13 10:10:30,91.46,91.54
2017-04-13 10:10:31,91.46,91.54
2017-04-13 10:10:32,91.46,91.54
2017-04-13 10:10:33,91.46,91.54
2017-04-13 10:10:34,91.46,91.57
2017-04-13 10:10:35,91.46,91.57
2017-04-13 10:10:36,91.46,91.57
2017-04-13 10:10:37,91.46,91.57
2017-04-13 10:10:38,91.46,91.57
2017-04-13 10:10:39,91.46,91.57
2017-04-13 10:10:40,91.46,91.57
2017-04-13 10:10:41,91.46,91.57
2017-04-13 10:10:42,91.46,91.57
2017-04-13 10:10:43,91.46,91.57
2017-04-13 10:10:44,91.46,91.57
2017-04-13 10:10:45,91.46,91.57
2017-04-13 10:10:46,91.46,91.57
2017-04-13 10:10:47,91.46,91.57
2017-04-13 10:10:48,91.46,91.57
2017-04-13 10:10:49,91.46,91.57
2017-04-13 10:10:50,91.46,91.57
2017-04-13 10:10:51,91.46,91.57
2017-04-13 10:10:52,91.46,91.57
2017-04-13 10:10:53,91.46,91.57
2017-04-13 10:10:54,91.46,91.57
2017-04-13 10:10:55,91.46,91.57
2017-04-13 10:10:56,91.46,91.57
2017-04-13 10:10:57,91.46,91.57
2017-04-13 10:10:58,91.46,91.57
2017-04-13 10:10:59,91.46,91.57
2017-04-13 10:11:00,91.46,91.57
2017-04-13 10:11:01,91.46,91.56
2017-04-13 10:11:02,91.46,91.56
2017-04-13 10:11:03,91.46,91.56
2017-04-13 10:11:04,91.46,91.56
2017-04-13 10:11:05,91.46,91.56
2017-04-13 10:11:06,91.46,91.56
2017-04-13 10:11:07,91.46,91.56
2017-04-13 10:11:08,91.46,91.56
2017-04-13 10:11:09,91.46,91.56
2017-04-13 10:11:10,91.46,91.56
2017-04-13 10:11:11,91.46,91.56
2017-04-13 10:11:12,91.46,91.56
2017-04-13 10:11:13,91.46,91.56
2017-04-13 10:11:14,91.46,91.56
2017-04-13 10:11:15,91.46,91.56
2017-04-13 10:11:16,91.46,91.56
2017-04-13 10:11:17,91.46,91.56
2017-04-13 10:11:18,91.46,91.56
2017-04-13 10:11:19,91.46,91.56
2017-04-13 10:11:20,91.46,91.56
2017-04-13 10:11:21,91.46,91.56
2017-04-13 10:11:22,91.46,91.56
2017-04-13 10:11:23,91.46,91.56
2017-04-13 10:11:24,91.46,91.56
2017-04-13 10:11:25,91.46,91.56
2017-04-13 10:11:26,91.46,91.56
2017-04-13 10:11:27,91.46,91.56
2017-04-13 10:11:28,91.46,91.56
2017-04-13 10:11:29,91.46,91.56
2017-04-13 10:11:30,91.46,91.56
2017-04-13 10:11:31,91.46,91.56
2017-04-13 10:11:32,91.46,91.56
2017-04-13 10:11:33,91.46,91.56
2017-04-13 10:11:34,91.46,91.56
2017-04-13 10:11:35,91.46,91.56
2017-04-13 10:11:36,91.46,91.56
2017-04-13 10:11:37,91.46,91.56
2017-04-13 10:11:38,91.46,91.55
2017-04-13 10:11:39,91.46,91.55
2017-04-13 10:11:40,91.46,91.56
2017-04-13 10:11:41,91.46,91.55
2017-04-13 10:11:42,91.46,91.55
2017-04-13 10:11:43,91.46,91.55
2017-04-13 10:11:44,91.46,91.55
2017-04-13 10:11:45,91.46,91.55
2017-04-13 10:11:46,91.47,91.61
2017-04-13 10:11:47,91.48,91.61
2017-04-13 10:11:48,91.48,91.61
2017-04-13 10:11:49,91.48,91.61
2017-04-13 10:11:50,91.48,91.61
2017-04-13 10:11:51,91.48,91.61
2017-04-13 10:11:52,91.48,91.61
2017-04-13 10:11:53,91.48,91.61
2017-04-13 10:11:54,91.48,91.61
2017-04-13 10:11:55,91.48,91.61
2017-04-13 10:11:56,91.48,91.61
2017-04-13 10:11:57,91.48,91.61
2017-04-13 10:11:58,91.48,91.61
2017-04-13 10:11:59,91.48,91.61
2017-04-13 10:12:00,91.48,91.61
2017-04-13 10:12:01,91.48,91.61
2017-04-13 10:12:02,91.48,91.61
2017-04-13 10:12:03,91.48,91.61
2017-04-13 10:12:04,91.48,91.61
2017-04-13 10:12:05,91.52,91.61
2017-04-13 10:12:06,91.53,91.65
2017-04-13 10:12:07,91.53,91.65
2017-04-13 10:12:08,91.53,91.65
2017-04-13 10:12:09,91.53,91.65
2017-04-13 10:12:10,91.53,91.64
2017-04-13 10:12:11,91.52,91.64
2017-04-13 10:12:12,91.52,91.64
2017-04-13 10:12:13,91.52,91.64
2017-04-13 10:12:14,91.52,91.64
2017-04-13 10:12:15,91.52,91.64
2017-04-13 10:12:16,91.52,91.64
2017-04-13 10:12:17,91.52,91.64
2017-04-13 10:12:18,91.52,91.64
2017-04-13 10:12:19,91.52,91.64
2017-04-13 10:12:20,91.52,91.64
2017-04-13 10:12:21,91.52,91.64
2017-04-13 10:12:22,91.52,91.64
2017-04-13 10:12:23,91.52,91.64
2017-04-13 10:12:24,91.52,91.64
2017-04-13 10:12:25,91.52,91.64
2017-04-13 10:12:26,91.52,91.64
2017-04-13 10:12:27,91.52,91.64
2017-04-13 10:12:28,91.52,91.64
2017-04-13 10:12:29,91.52,91.64
2017-04-13 10:12:30,91.56,91.64
2017-04-13 10:12:31,91.56,91.64
2017-04-13 10:12:32,91.56,91.64
2017-04-13 10:12:33,91.56,91.64
2017-04-13 10:12:34,91.56,91.64
2017-04-13 10:12:35,91.56,91.64
2017-04-13 10:12:36,91.56,91.64
2017-04-13 10:12:37,91.56,91.64
2017-04-13 10:12:38,91.56,91.64
2017-04-13 10:12:39,91.56,91.64
2017-04-13 10:12:40,91.56,91.64
2017-04-13 10:12:41,91.56,91.64
2017-04-13 10:12:42,91.56,91.64
2017-04-13 10:12:43,91.56,91.64
2017-04-13 10:12:44,91.56,91.64
2017-04-13 10:12:45,91.56,91.64
2017-04-13 10:12:46,91.56,91.64
2017-04-13 10:12:47,91.56,91.64
2017-04-13 10:12:48,91.56,91.64
2017-04-13 10:12:49,91.56,91.64
2017-04-13 10:12:50,91.56,91.64
2017-04-13 10:12:51,91.57,91.64
2017-04-13 10:12:52,91.57,91.64
2017-04-13 10:12:53,91.57,91.64
2017-04-13 10:12:54,91.57,91.64
2017-04-13 10:12:55,91.57,91.64
2017-04-13 10:12:56,91.57,91.64
2017-04-13 10:12:57,91.57,91.64
2017-04-13 10:12:58,91.57,91.64
2017-04-13 10:12:59,91.57,91.64
2017-04-13 10:13:00,91.57,91.64
2017-04-13 10:13:01,91.57,91.64
2017-04-13 10:13:02,91.57,91.64
2017-04-13 10:13:03,91.57,91.64
2017-04-13 10:13:04,91.57,91.64
2017-04-13 10:13:05,91.57,91.64
2017-04-13 10:13:06,91.57,91.64
2017-04-13 10:13:07,91.57,91.64
2017-04-13 10:13:08,91.57,91.64
2017-04-13 10:13:09,91.56,91.64
2017-04-13 10:13:10,91.56,91.64
2017-04-13 10:13:11,91.56,91.64
2017-04-13 10:13:12,91.56,91.64
2017-04-13 10:13:13,91.56,91.64
2017-04-13 10:13:14,91.56,91.64
2017-04-13 10:13:15,91.56,91.64
2017-04-13 10:13:16,91.56,91.64
2017-04-13 10:13:17,91.56,91.64
2017-04-13 10:13:18,91.56,91.64
2017-04-13 10:13:19,91.56,91.64
2017-04-13 10:13:20,91.56,91.64
2017-04-13 10:13:21,91.56,91.64
2017-04-13 10:13:22,91.56,91.64
2017-04-13 10:13:23,91.56,91.64
2017-04-13 10:13:24,91.56,91.64
2017-04-13 10:13:25,91.56,91.64
2017-04-13 10:13:26,91.56,91.64
2017-04-13 10:13:27,91.56,91.64
2017-04-13 10:13:28,91.56,91.64
2017-04-13 10:13:29,91.56,91.64
2017-04-13 10:13:30,91.56,91.64
2017-04-13 10:13:31,91.57,91.64
2017-04-13 10:13:32,91.57,91.64
2017-04-13 10:13:33,91.57,91.64
2017-04-13 10:13:34,91.57,91.64
2017-04-13 10:13:35,91.57,91.64
2017-04-13 10:13:36,91.57,91.64
2017-04-13 10:13:37,91.57,91.64
2017-04-13 10:13:38,91.57,91.64
2017-04-13 10:13:39,91.57,91.64
2017-04-13 10:13:40,91.57,91.64
2017-04-13 10:13:41,91.57,91.64
2017-04-13 10:13:42,91.57,91.64
2017-04-13 10:13:43,91.58,91.64
2017-04-13 10:13:44,91.58,91.64
2017-04-13 10:13:45,91.58,91.64
2017-04-13 10:13:46,91.58,91.64
2017-04-13 10:13:47,91.58,91.64
2017-04-13 10:13:48,91.58,91.64
2017-04-13 10:13:49,91.58,91.64
2017-04-13 10:13:50,91.58,91.64
2017-04-13 10:13:51,91.58,91.64
2017-04-13 10:13:52,91.58,91.64
2017-04-13 10:13:53,91.58,91.64
2017-04-13 10:13:54,91.58,91.64
2017-04-13 10:13:55,91.58,91.64
2017-04-13 10:13:56,91.58,91.64
2017-04-13 10:13:57,91.58,91.64
2017-04-13 10:13:58,91.58,91.64
2017-04-13 10:13:59,91.58,91.64
2017-04-13 10:14:00,91.58,91.64
2017-04-13 10:14:01,91.58,91.64
2017-04-13 10:14:02,91.58,91.64
2017-04-13 10:14:03,91.58,91.64
2017-04-13 10:14:04,91.54,91.59
2017-04-13 10:14:05,91.54,91.59
2017-04-13 10:14:06,91.54,91.59
2017-04-13 10:14:07,91.53,91.59
2017-04-13 10:14:08,91.53,91.59
2017-04-13 10:14:09,91.49,91.59
2017-04-13 10:14:10,91.49,91.59
2017-04-13 10:14:11,91.49,91.59
2017-04-13 10:14:12,91.49,91.58
2017-04-13 10:14:13,91.49,91.58
2017-04-13 10:14:14,91.49,91.58
2017-04-13 10:14:15,91.49,91.58
2017-04-13 10:14:16,91.49,91.58
2017-04-13 10:14:17,91.49,91.58
2017-04-13 10:14:18,91.49,91.58
2017-04-13 10:14:19,91.49,91.58
2017-04-13 10:14:20,91.49,91.58
2017-04-13 10:14:21,91.49,91.58
2017-04-13 10:14:22,91.49,91.58
2017-04-13 10:14:23,91.49,91.58
2017-04-13 10:14:24,91.49,91.58
2017-04-13 10:14:25,91.49,91.58
2017-04-13 10:14:26,91.49,91.58
2017-04-13 10:14:27,91.49,91.58
2017-04-13 10:14:28,91.49,91.58
2017-04-13 10:14:29,91.49,91.58
2017-04-13 10:14:30,91.49,91.58
2017-04-13 10:14:31,91.49,91.58
2017-04-13 10:14:32,91.49,91.58
2017-04-13 10:14:33,91.49,91.58
2017-04-13 10:14:34,91.49,91.58
2017-04-13 10:14:35,91.49,91.58
2017-04-13 10:14:36,91.49,91.58
2017-04-13 10:14:37,91.49,91.58
2017-04-13 10:14:38,91.49,91.58
2017-04-13 10:14:39,91.49,91.58
2017-04-13 10:14:40,91.49,91.58
2017-04-13 10:14:41,91.49,91.58
2017-04-13 10:14:42,91.49,91.58
2017-04-13 10:14:43,91.49,91.58
2017-04-13 10:14:44,91.49,91.58
2017-04-13 10:14:45,91.49,91.58
2017-04-13 10:14:46,91.49,91.58
2017-04-13 10:14:47,91.49,91.58
2017-04-13 10:14:48,91.49,91.58
2017-04-13 10:14:49,91.49,91.58
2017-04-13 10:14:50,91.49,91.58
2017-04-13 10:14:51,91.49,91.58
2017-04-13 10:14:52,91.49,91.58
2017-04-13 10:14:53,91.49,91.58
2017-04-13 10:14:54,91.49,91.58
2017-04-13 10:14:55,91.49,91.58
2017-04-13 10:14:56,91.49,91.58
2017-04-13 10:14:57,91.49,91.58
2017-04-13 10:14:58,91.49,91.58
2017-04-13 10:14:59,91.49,91.58
2017-04-13 10:15:00,91.49,91.58
2017-04-13 10:15:01,91.49,91.58
2017-04-13 10:15:02,91.49,91.58
2017-04-13 10:15:03,91.49,91.58
2017-04-13 10:15:04,91.49,91.58
2017-04-13 10:15:05,91.49,91.58
2017-04-13 10:15:06,91.49,91.58
2017-04-13 10:15:07,91.49,91.58
2017-04-13 10:15:08,91.49,91.58
2017-04-13 10:15:09,91.49,91.58
2017-04-13 10:15:10,91.49,91.58
2017-04-13 10:15:11,91.49,91.58
2017-04-13 10:15:12,91.49,91.58
2017-04-13 10:15:13,91.49,91.58
2017-04-13 10:15:14,91.49,91.58
2017-04-13 10:15:15,91.49,91.58
2017-04-13 10:15:16,91.49,91.58
2017-04-13 10:15:17,91.49,91.58
2017-04-13 10:15:18,91.49,91.58
2017-04-13 10:15:19,91.49,91.58
2017-04-13 10:15:20,91.49,91.58
2017-04-13 10:15:21,91.49,91.58
2017-04-13 10:15:22,91.49,91.58
2017-04-13 10:15:23,91.49,91.58
2017-04-13 10:15:24,91.49,91.58
2017-04-13 10:15:25,91.49,91.58
2017-04-13 10:15:26,91.49,91.58
2017-04-13 10:15:27,91.49,91.58
2017-04-13 10:15:28,91.49,91.58
2017-04-13 10:15:29,91.49,91.58
2017-04-13 10:15:30,91.49,91.58
2017-04-13 10:15:31,91.49,91.58
2017-04-13 10:15:32,91.49,91.58
2017-04-13 10:15:33,91.49,91.58
2017-04-13 10:15:34,91.49,91.58
2017-04-13 10:15:35,91.49,91.58
2017-04-13 10:15:36,91.49,91.58
2017-04-13 10:15:37,91.49,91.58
2017-04-13 10:15:38,91.49,91.58
2017-04-13 10:15:39,91.49,91.58
2017-04-13 10:15:40,91.49,91.58
2017-04-13 10:15:41,91.49,91.58
2017-04-13 10:15:42,91.49,91.58
2017-04-13 10:15:43,91.49,91.58
2017-04-13 10:15:44,91.49,91.58
2017-04-13 10:15:45,91.49,91.58
2017-04-13 10:15:46,91.49,91.58
2017-04-13 10:15:47,91.49,91.58
2017-04-13 10:15:48,91.49,91.58
2017-04-13 10:15:49,91.49,91.58
2017-04-13 10:15:50,91.49,91.58
2017-04-13 10:15:51,91.49,91.58
2017-04-13 10:15:52,91.49,91.58
2017-04-13 10:15:53,91.49,91.58
2017-04-13 10:15:54,91.5,91.58
2017-04-13 10:15:55,91.5,91.58
2017-04-13 10:15:56,91.5,91.58
2017-04-13 10:15:57,91.5,91.58
2017-04-13 10:15:58,91.5,91.58
2017-04-13 10:15:59,91.5,91.58
2017-04-13 10:16:00,91.5,91.58
2017-04-13 10:16:01,91.5,91.58
2017-04-13 10:16:02,91.5,91.58
2017-04-13 10:16:03,91.5,91.58
2017-04-13 10:16:04,91.5,91.58
2017-04-13 10:16:05,91.5,91.58
2017-04-13 10:16:06,91.5,91.58
2017-04-13 10:16:07,91.5,91.58
2017-04-13 10:16:08,91.5,91.58
2017-04-13 10:16:09,91.5,91.58
2017-04-13 10:16:10,91.5,91.58
2017-04-13 10:16:11,91.5,91.58
2017-04-13 10:16:12,91.5,91.58
2017-04-13 10:16:13,91.5,91.58
2017-04-13 10:16:14,91.5,91.58
2017-04-13 10:16:15,91.52,91.59
2017-04-13 10:16:16,91.52,91.59
2017-04-13 10:16:17,91.52,91.59
2017-04-13 10:16:18,91.52,91.59
2017-04-13 10:16:19,91.52,91.59
2017-04-13 10:16:20,91.52,91.59
2017-04-13 10:16:21,91.52,91.59
2017-04-13 10:16:22,91.55,91.61
2017-04-13 10:16:23,91.55,91.61
2017-04-13 10:16:24,91.55,91.61
2017-04-13 10:16:25,91.55,91.61
2017-04-13 10:16:26,91.55,91.61
2017-04-13 10:16:27,91.55,91.61
2017-04-13 10:16:28,91.55,91.61
2017-04-13 10:16:29,91.55,91.61
2017-04-13 10:16:30,91.55,91.61
2017-04-13 10:16:31,91.55,91.61
2017-04-13 10:16:32,91.55,91.61
2017-04-13 10:16:33,91.55,91.61
2017-04-13 10:16:34,91.55,91.61
2017-04-13 10:16:35,91.55,91.61
2017-04-13 10:16:36,91.55,91.61
2017-04-13 10:16:37,91.55,91.61
2017-04-13 10:16:38,91.55,91.61
2017-04-13 10:16:39,91.55,91.61
2017-04-13 10:16:40,91.55,91.61
2017-04-13 10:16:41,91.55,91.61
2017-04-13 10:16:42,91.55,91.61
2017-04-13 10:16:43,91.55,91.61
2017-04-13 10:16:44,91.55,91.61
2017-04-13 10:16:45,91.55,91.61
2017-04-13 10:16:46,91.55,91.61
2017-04-13 10:16:47,91.55,91.61
2017-04-13 10:16:48,91.55,91.61
2017-04-13 10:16:49,91.55,91.61
2017-04-13 10:16:50,91.55,91.61
2017-04-13 10:16:51,91.55,91.61
2017-04-13 10:16:52,91.55,91.61
2017-04-13 10:16:53,91.56,91.63
2017-04-13 10:16:54,91.52,91.63
2017-04-13 10:16:55,91.55,91.63
2017-04-13 10:16:56,91.55,91.63
2017-04-13 10:16:57,91.55,91.63
2017-04-13 10:16:58,91.55,91.63
2017-04-13 10:16:59,91.55,91.63
2017-04-13 10:17:00,91.55,91.63
2017-04-13 10:17:01,91.55,91.63
2017-04-13 10:17:02,91.55,91.63
2017-04-13 10:17:03,91.55,91.63
2017-04-13 10:17:04,91.55,91.63
2017-04-13 10:17:05,91.55,91.63
2017-04-13 10:17:06,91.55,91.63
2017-04-13 10:17:07,91.55,91.62
2017-04-13 10:17:08,91.55,91.62
2017-04-13 10:17:09,91.55,91.62
2017-04-13 10:17:10,91.55,91.62
2017-04-13 10:17:11,91.55,91.62
2017-04-13 10:17:12,91.55,91.62
2017-04-13 10:17:13,91.55,91.62
2017-04-13 10:17:14,91.55,91.62
2017-04-13 10:17:15,91.55,91.62
2017-04-13 10:17:16,91.55,91.62
2017-04-13 10:17:17,91.55,91.62
2017-04-13 10:17:18,91.55,91.62
2017-04-13 10:17:19,91.55,91.62
2017-04-13 10:17:20,91.55,91.62
2017-04-13 10:17:21,91.55,91.62
2017-04-13 10:17:22,91.55,91.62
2017-04-13 10:17:23,91.55,91.62
2017-04-13 10:17:24,91.55,91.62
2017-04-13 10:17:25,91.55,91.62
2017-04-13 10:17:26,91.55,91.62
2017-04-13 10:17:27,91.55,91.62
2017-04-13 10:17:28,91.55,91.62
2017-04-13 10:17:29,91.55,91.62
2017-04-13 10:17:30,91.55,91.62
2017-04-13 10:17:31,91.55,91.62
2017-04-13 10:17:32,91.55,91.62
2017-04-13 10:17:33,91.55,91.62
2017-04-13 10:17:34,91.55,91.62
2017-04-13 10:17:35,91.55,91.62
2017-04-13 10:17:36,91.55,91.62
2017-04-13 10:17:37,91.55,91.62
2017-04-13 10:17:38,91.55,91.62
2017-04-13 10:17:39,91.55,91.62
2017-04-13 10:17:40,91.55,91.62
2017-04-13 10:17:41,91.55,91.62
2017-04-13 10:17:42,91.55,91.62
2017-04-13 10:17:43,91.55,91.62
2017-04-13 10:17:44,91.55,91.62
2017-04-13 10:17:45,91.55,91.62
2017-04-13 10:17:46,91.55,91.62
2017-04-13 10:17:47,91.55,91.62
2017-04-13 10:17:48,91.55,91.62
2017-04-13 10:17:49,91.55,91.62
2017-04-13 10:17:50,91.55,91.62
2017-04-13 10:17:51,91.55,91.62
2017-04-13 10:17:52,91.55,91.62
2017-04-13 10:17:53,91.55,91.62
2017-04-13 10:17:54,91.55,91.62
2017-04-13 10:17:55,91.55,91.62
2017-04-13 10:17:56,91.55,91.62
2017-04-13 10:17:57,91.55,91.62
2017-04-13 10:17:58,91.55,91.62
2017-04-13 10:17:59,91.55,91.62
2017-04-13 10:18:00,91.55,91.62
2017-04-13 10:18:01,91.55,91.62
2017-04-13 10:18:02,91.55,91.62
2017-04-13 10:18:03,91.55,91.62
2017-04-13 10:18:04,91.55,91.62
2017-04-13 10:18:05,91.55,91.62
2017-04-13 10:18:06,91.55,91.62
2017-04-13 10:18:07,91.55,91.62
2017-04-13 10:18:08,91.55,91.62
2017-04-13 10:18:09,91.55,91.62
2017-04-13 10:18:10,91.55,91.62
2017-04-13 10:18:11,91.55,91.62
2017-04-13 10:18:12,91.55,91.62
2017-04-13 10:18:13,91.55,91.62
2017-04-13 10:18:14,91.55,91.62
2017-04-13 10:18:15,91.55,91.62
2017-04-13 10:18:16,91.55,91.62
2017-04-13 10:18:17,91.55,91.62
2017-04-13 10:18:18,91.55,91.57
2017-04-13 10:18:19,91.5,91.6
2017-04-13 10:18:20,91.51,91.6
2017-04-13 10:18:21,91.51,91.61
2017-04-13 10:18:22,91.51,91.61
2017-04-13 10:18:23,91.51,91.61
2017-04-13 10:18:24,91.51,91.61
2017-04-13 10:18:25,91.51,91.61
2017-04-13 10:18:26,91.51,91.61
2017-04-13 10:18:27,91.51,91.61
2017-04-13 10:18:28,91.51,91.61
2017-04-13 10:18:29,91.51,91.61
2017-04-13 10:18:30,91.51,91.61
2017-04-13 10:18:31,91.51,91.6
2017-04-13 10:18:32,91.51,91.59
2017-04-13 10:18:33,91.51,91.59
2017-04-13 10:18:34,91.51,91.59
2017-04-13 10:18:35,91.51,91.59
2017-04-13 10:18:36,91.51,91.59
2017-04-13 10:18:37,91.51,91.59
2017-04-13 10:18:38,91.51,91.59
2017-04-13 10:18:39,91.52,91.59
2017-04-13 10:18:40,91.52,91.59
2017-04-13 10:18:41,91.52,91.59
2017-04-13 10:18:42,91.52,91.59
2017-04-13 10:18:43,91.52,91.59
2017-04-13 10:18:44,91.52,91.59
2017-04-13 10:18:45,91.52,91.59
2017-04-13 10:18:46,91.52,91.59
2017-04-13 10:18:47,91.52,91.59
2017-04-13 10:18:48,91.52,91.59
2017-04-13 10:18:49,91.52,91.59
2017-04-13 10:18:50,91.52,91.59
2017-04-13 10:18:51,91.52,91.59
2017-04-13 10:18:52,91.52,91.59
2017-04-13 10:18:53,91.52,91.59
2017-04-13 10:18:54,91.52,91.59
2017-04-13 10:18:55,91.52,91.59
2017-04-13 10:18:56,91.52,91.59
2017-04-13 10:18:57,91.52,91.59
2017-04-13 10:18:58,91.52,91.59
2017-04-13 10:18:59,91.52,91.59
2017-04-13 10:19:00,91.52,91.59
2017-04-13 10:19:01,91.52,91.59
2017-04-13 10:19:02,91.52,91.59
2017-04-13 10:19:03,91.52,91.59
2017-04-13 10:19:04,91.52,91.59
2017-04-13 10:19:05,91.52,91.59
2017-04-13 10:19:06,91.52,91.59
2017-04-13 10:19:07,91.52,91.59
2017-04-13 10:19:08,91.52,91.59
2017-04-13 10:19:09,91.52,91.59
2017-04-13 10:19:10,91.52,91.59
2017-04-13 10:19:11,91.52,91.59
2017-04-13 10:19:12,91.53,91.59
2017-04-13 10:19:13,91.53,91.59
2017-04-13 10:19:14,91.53,91.59
2017-04-13 10:19:15,91.53,91.59
2017-04-13 10:19:16,91.53,91.59
2017-04-13 10:19:17,91.53,91.59
2017-04-13 10:19:18,91.53,91.59
2017-04-13 10:19:19,91.53,91.59
2017-04-13 10:19:20,91.53,91.59
2017-04-13 10:19:21,91.53,91.59
2017-04-13 10:19:22,91.53,91.59
2017-04-13 10:19:23,91.53,91.59
2017-04-13 10:19:24,91.52,91.59
2017-04-13 10:19:25,91.52,91.59
2017-04-13 10:19:26,91.52,91.59
2017-04-13 10:19:27,91.52,91.59
2017-04-13 10:19:28,91.52,91.59
2017-04-13 10:19:29,91.52,91.59
2017-04-13 10:19:30,91.52,91.59
2017-04-13 10:19:31,91.52,91.59
2017-04-13 10:19:32,91.52,91.59
2017-04-13 10:19:33,91.52,91.59
2017-04-13 10:19:34,91.52,91.58
2017-04-13 10:19:35,91.52,91.58
2017-04-13 10:19:36,91.52,91.58
2017-04-13 10:19:37,91.52,91.58
2017-04-13 10:19:38,91.52,91.58
2017-04-13 10:19:39,91.52,91.58
2017-04-13 10:19:40,91.52,91.58
2017-04-13 10:19:41,91.52,91.58
2017-04-13 10:19:42,91.52,91.58
2017-04-13 10:19:43,91.52,91.58
2017-04-13 10:19:44,91.52,91.58
2017-04-13 10:19:45,91.52,91.58
2017-04-13 10:19:46,91.52,91.58
2017-04-13 10:19:47,91.52,91.58
2017-04-13 10:19:48,91.52,91.58
2017-04-13 10:19:49,91.52,91.58
2017-04-13 10:19:50,91.52,91.58
2017-04-13 10:19:51,91.52,91.58
2017-04-13 10:19:52,91.52,91.58
2017-04-13 10:19:53,91.52,91.58
2017-04-13 10:19:54,91.52,91.59
2017-04-13 10:19:55,91.52,91.61
2017-04-13 10:19:56,91.52,91.61
2017-04-13 10:19:57,91.52,91.59
2017-04-13 10:19:58,91.52,91.59
2017-04-13 10:19:59,91.52,91.59
2017-04-13 10:20:00,91.52,91.59
2017-04-13 10:20:01,91.52,91.59
2017-04-13 10:20:02,91.52,91.59
2017-04-13 10:20:03,91.52,91.59
2017-04-13 10:20:04,91.52,91.59
2017-04-13 10:20:05,91.52,91.59
2017-04-13 10:20:06,91.52,91.59
2017-04-13 10:20:07,91.52,91.59
2017-04-13 10:20:08,91.52,91.59
2017-04-13 10:20:09,91.52,91.59
2017-04-13 10:20:10,91.52,91.59
2017-04-13 10:20:11,91.52,91.59
2017-04-13 10:20:12,91.52,91.59
2017-04-13 10:20:13,91.52,91.59
2017-04-13 10:20:14,91.52,91.59
2017-04-13 10:20:15,91.52,91.57
2017-04-13 10:20:16,91.52,91.57
2017-04-13 10:20:17,91.52,91.57
2017-04-13 10:20:18,91.52,91.57
2017-04-13 10:20:19,91.51,91.57
2017-04-13 10:20:20,91.51,91.57
2017-04-13 10:20:21,91.51,91.57
2017-04-13 10:20:22,91.49,91.56
2017-04-13 10:20:23,91.49,91.56
2017-04-13 10:20:24,91.49,91.56
2017-04-13 10:20:25,91.49,91.56
2017-04-13 10:20:26,91.49,91.56
2017-04-13 10:20:27,91.49,91.56
2017-04-13 10:20:28,91.49,91.56
2017-04-13 10:20:29,91.49,91.56
2017-04-13 10:20:30,91.49,91.55
2017-04-13 10:20:31,91.49,91.55
2017-04-13 10:20:32,91.49,91.55
2017-04-13 10:20:33,91.49,91.55
2017-04-13 10:20:34,91.49,91.55
2017-04-13 10:20:35,91.49,91.55
2017-04-13 10:20:36,91.49,91.55
2017-04-13 10:20:37,91.49,91.55
2017-04-13 10:20:38,91.49,91.55
2017-04-13 10:20:39,91.49,91.55
2017-04-13 10:20:40,91.49,91.55
2017-04-13 10:20:41,91.49,91.55
2017-04-13 10:20:42,91.49,91.55
2017-04-13 10:20:43,91.49,91.54
2017-04-13 10:20:44,91.49,91.54
2017-04-13 10:20:45,91.49,91.54
2017-04-13 10:20:46,91.49,91.52
2017-04-13 10:20:47,91.46,91.52
2017-04-13 10:20:48,91.46,91.52
2017-04-13 10:20:49,91.46,91.52
2017-04-13 10:20:50,91.46,91.52
2017-04-13 10:20:51,91.46,91.52
2017-04-13 10:20:52,91.46,91.52
2017-04-13 10:20:53,91.46,91.52
2017-04-13 10:20:54,91.46,91.52
2017-04-13 10:20:55,91.46,91.52
2017-04-13 10:20:56,91.46,91.52
2017-04-13 10:20:57,91.46,91.52
2017-04-13 10:20:58,91.46,91.52
2017-04-13 10:20:59,91.46,91.52
2017-04-13 10:21:00,91.46,91.52
2017-04-13 10:21:01,91.46,91.52
2017-04-13 10:21:02,91.46,91.52
2017-04-13 10:21:03,91.46,91.52
2017-04-13 10:21:04,91.46,91.52
2017-04-13 10:21:05,91.46,91.52
2017-04-13 10:21:06,91.46,91.52
2017-04-13 10:21:07,91.46,91.52
2017-04-13 10:21:08,91.46,91.52
2017-04-13 10:21:09,91.46,91.52
2017-04-13 10:21:10,91.46,91.52
2017-04-13 10:21:11,91.46,91.52
2017-04-13 10:21:12,91.46,91.52
2017-04-13 10:21:13,91.46,91.52
2017-04-13 10:21:14,91.46,91.52
2017-04-13 10:21:15,91.46,91.52
2017-04-13 10:21:16,91.46,91.52
2017-04-13 10:21:17,91.46,91.52
2017-04-13 10:21:18,91.46,91.52
2017-04-13 10:21:19,91.46,91.51
2017-04-13 10:21:20,91.46,91.51
2017-04-13 10:21:21,91.46,91.51
2017-04-13 10:21:22,91.46,91.51
2017-04-13 10:21:23,91.46,91.51
2017-04-13 10:21:24,91.46,91.51
2017-04-13 10:21:25,91.46,91.51
2017-04-13 10:21:26,91.46,91.51
2017-04-13 10:21:27,91.46,91.51
2017-04-13 10:21:28,91.46,91.51
2017-04-13 10:21:29,91.46,91.51
2017-04-13 10:21:30,91.46,91.51
2017-04-13 10:21:31,91.46,91.51
2017-04-13 10:21:32,91.46,91.51
2017-04-13 10:21:33,91.46,91.51
2017-04-13 10:21:34,91.46,91.5
2017-04-13 10:21:35,91.46,91.5
2017-04-13 10:21:36,91.46,91.5
2017-04-13 10:21:37,91.46,91.5
2017-04-13 10:21:38,91.46,91.5
2017-04-13 10:21:39,91.46,91.5
2017-04-13 10:21:40,91.46,91.5
2017-04-13 10:21:41,91.46,91.5
2017-04-13 10:21:42,91.46,91.5
2017-04-13 10:21:43,91.46,91.5
2017-04-13 10:21:44,91.46,91.5
2017-04-13 10:21:45,91.46,91.5
2017-04-13 10:21:46,91.46,91.5
2017-04-13 10:21:47,91.46,91.5
2017-04-13 10:21:48,91.46,91.5
2017-04-13 10:21:49,91.46,91.5
2017-04-13 10:21:50,91.46,91.5
2017-04-13 10:21:51,91.46,91.5
2017-04-13 10:21:52,91.46,91.5
2017-04-13 10:21:53,91.46,91.5
2017-04-13 10:21:54,91.46,91.5
2017-04-13 10:21:55,91.46,91.5
2017-04-13 10:21:56,91.46,91.5
2017-04-13 10:21:57,91.47,91.52
2017-04-13 10:21:58,91.47,91.56
2017-04-13 10:21:59,91.48,91.59
2017-04-13 10:22:00,91.48,91.59
2017-04-13 10:22:01,91.48,91.59
2017-04-13 10:22:02,91.48,91.58
2017-04-13 10:22:03,91.48,91.57
2017-04-13 10:22:04,91.48,91.57
2017-04-13 10:22:05,91.48,91.57
2017-04-13 10:22:06,91.48,91.57
2017-04-13 10:22:07,91.48,91.57
2017-04-13 10:22:08,91.48,91.57
2017-04-13 10:22:09,91.48,91.57
2017-04-13 10:22:10,91.48,91.57
2017-04-13 10:22:11,91.48,91.55
2017-04-13 10:22:12,91.46,91.56
2017-04-13 10:22:13,91.46,91.55
2017-04-13 10:22:14,91.46,91.55
2017-04-13 10:22:15,91.46,91.54
2017-04-13 10:22:16,91.46,91.54
