datetime,direct.bid1,direct.ask1
2017-04-13 09:30:00,52.46,52.67
2017-04-13 09:30:01,52.5,52.52
2017-04-13 09:30:02,52.5,52.51
2017-04-13 09:30:03,52.5,52.52
2017-04-13 09:30:04,52.5,52.52
2017-04-13 09:30:05,52.5,52.51
2017-04-13 09:30:06,52.48,52.5
2017-04-13 09:30:07,52.47,52.49
2017-04-13 09:30:08,52.48,52.49
2017-04-13 09:30:09,52.47,52.49
2017-04-13 09:30:10,52.46,52.48
2017-04-13 09:30:11,52.46,52.48
2017-04-13 09:30:12,52.47,52.48
2017-04-13 09:30:13,52.45,52.47
2017-04-13 09:30:14,52.47,52.49
2017-04-13 09:30:15,52.47,52.49
2017-04-13 09:30:16,52.47,52.49
2017-04-13 09:30:17,52.46,52.47
2017-04-13 09:30:18,52.47,52.48
2017-04-13 09:30:19,52.47,52.49
2017-04-13 09:30:20,52.48,52.49
2017-04-13 09:30:21,52.48,52.49
2017-04-13 09:30:22,52.48,52.49
2017-04-13 09:30:23,52.47,52.49
2017-04-13 09:30:24,52.47,52.49
2017-04-13 09:30:25,52.47,52.49
2017-04-13 09:30:26,52.48,52.49
2017-04-13 09:30:27,52.47,52.49
2017-04-13 09:30:28,52.48,52.49
2017-04-13 09:30:29,52.48,52.49
2017-04-13 09:30:30,52.47,52.48
2017-04-13 09:30:31,52.47,52.49
2017-04-13 09:30:32,52.47,52.49
2017-04-13 09:30:33,52.47,52.49
2017-04-13 09:30:34,52.47,52.49
2017-04-13 09:30:35,52.47,52.49
2017-04-13 09:30:36,52.47,52.49
2017-04-13 09:30:37,52.47,52.49
2017-04-13 09:30:38,52.47,52.48
2017-04-13 09:30:39,52.46,52.48
2017-04-13 09:30:40,52.46,52.48
2017-04-13 09:30:41,52.46,52.47
2017-04-13 09:30:42,52.46,52.48
2017-04-13 09:30:43,52.46,52.48
2017-04-13 09:30:44,52.46,52.47
2017-04-13 09:30:45,52.45,52.47
2017-04-13 09:30:46,52.45,52.47
2017-04-13 09:30:47,52.46,52.47
2017-04-13 09:30:48,52.45,52.47
2017-04-13 09:30:49,52.46,52.47
2017-04-13 09:30:50,52.47,52.48
2017-04-13 09:30:51,52.47,52.48
2017-04-13 09:30:52,52.47,52.48
2017-04-13 09:30:53,52.47,52.48
2017-04-13 09:30:54,52.47,52.48
2017-04-13 09:30:55,52.47,52.48
2017-04-13 09:30:56,52.46,52.48
2017-04-13 09:30:57,52.46,52.47
2017-04-13 09:30:58,52.47,52.48
2017-04-13 09:30:59,52.47,52.48
2017-04-13 09:31:00,52.46,52.47
2017-04-13 09:31:01,52.46,52.47
2017-04-13 09:31:02,52.46,52.47
2017-04-13 09:31:03,52.46,52.47
2017-04-13 09:31:04,52.46,52.47
2017-04-13 09:31:05,52.46,52.47
2017-04-13 09:31:06,52.46,52.47
2017-04-13 09:31:07,52.46,52.47
2017-04-13 09:31:08,52.46,52.47
2017-04-13 09:31:09,52.46,52.48
2017-04-13 09:31:10,52.47,52.48
2017-04-13 09:31:11,52.46,52.48
2017-04-13 09:31:12,52.46,52.48
2017-04-13 09:31:13,52.46,52.48
2017-04-13 09:31:14,52.46,52.48
2017-04-13 09:31:15,52.46,52.48
2017-04-13 09:31:16,52.47,52.48
2017-04-13 09:31:17,52.46,52.48
2017-04-13 09:31:18,52.47,52.48
2017-04-13 09:31:19,52.47,52.48
2017-04-13 09:31:20,52.48,52.49
2017-04-13 09:31:21,52.48,52.49
2017-04-13 09:31:22,52.48,52.49
2017-04-13 09:31:23,52.48,52.49
2017-04-13 09:31:24,52.48,52.49
2017-04-13 09:31:25,52.48,52.49
2017-04-13 09:31:26,52.48,52.49
2017-04-13 09:31:27,52.48,52.49
2017-04-13 09:31:28,52.49,52.5
2017-04-13 09:31:29,52.49,52.5
2017-04-13 09:31:30,52.49,52.5
2017-04-13 09:31:31,52.5,52.51
2017-04-13 09:31:32,52.5,52.51
2017-04-13 09:31:33,52.49,52.51
2017-04-13 09:31:34,52.49,52.5
2017-04-13 09:31:35,52.49,52.51
2017-04-13 09:31:36,52.49,52.5
2017-04-13 09:31:37,52.49,52.5
2017-04-13 09:31:38,52.49,52.5
2017-04-13 09:31:39,52.49,52.5
2017-04-13 09:31:40,52.49,52.5
2017-04-13 09:31:41,52.5,52.51
2017-04-13 09:31:42,52.5,52.51
2017-04-13 09:31:43,52.5,52.51
2017-04-13 09:31:44,52.5,52.51
2017-04-13 09:31:45,52.5,52.51
2017-04-13 09:31:46,52.5,52.51
2017-04-13 09:31:47,52.5,52.51
2017-04-13 09:31:48,52.5,52.51
2017-04-13 09:31:49,52.5,52.52
2017-04-13 09:31:50,52.5,52.52
2017-04-13 09:31:51,52.5,52.52
2017-04-13 09:31:52,52.5,52.52
2017-04-13 09:31:53,52.51,52.53
2017-04-13 09:31:54,52.51,52.52
2017-04-13 09:31:55,52.51,52.52
2017-04-13 09:31:56,52.51,52.52
2017-04-13 09:31:57,52.51,52.53
2017-04-13 09:31:58,52.51,52.52
2017-04-13 09:31:59,52.51,52.53
2017-04-13 09:32:00,52.51,52.53
2017-04-13 09:32:01,52.51,52.52
2017-04-13 09:32:02,52.51,52.52
2017-04-13 09:32:03,52.51,52.52
2017-04-13 09:32:04,52.51,52.52
2017-04-13 09:32:05,52.51,52.52
2017-04-13 09:32:06,52.51,52.52
2017-04-13 09:32:07,52.51,52.52
2017-04-13 09:32:08,52.51,52.52
2017-04-13 09:32:09,52.52,52.53
2017-04-13 09:32:10,52.52,52.53
2017-04-13 09:32:11,52.52,52.53
2017-04-13 09:32:12,52.51,52.52
2017-04-13 09:32:13,52.51,52.52
2017-04-13 09:32:14,52.51,52.52
2017-04-13 09:32:15,52.52,52.53
2017-04-13 09:32:16,52.52,52.53
2017-04-13 09:32:17,52.52,52.53
2017-04-13 09:32:18,52.52,52.53
2017-04-13 09:32:19,52.52,52.53
2017-04-13 09:32:20,52.52,52.53
2017-04-13 09:32:21,52.52,52.53
2017-04-13 09:32:22,52.52,52.53
2017-04-13 09:32:23,52.52,52.53
2017-04-13 09:32:24,52.52,52.53
2017-04-13 09:32:25,52.52,52.53
2017-04-13 09:32:26,52.53,52.54
2017-04-13 09:32:27,52.53,52.54
2017-04-13 09:32:28,52.53,52.54
2017-04-13 09:32:29,52.54,52.55
2017-04-13 09:32:30,52.53,52.54
2017-04-13 09:32:31,52.54,52.55
2017-04-13 09:32:32,52.55,52.56
2017-04-13 09:32:33,52.55,52.56
2017-04-13 09:32:34,52.54,52.55
2017-04-13 09:32:35,52.53,52.55
2017-04-13 09:32:36,52.53,52.54
2017-04-13 09:32:37,52.54,52.55
2017-04-13 09:32:38,52.54,52.55
2017-04-13 09:32:39,52.55,52.56
2017-04-13 09:32:40,52.55,52.56
2017-04-13 09:32:41,52.55,52.56
2017-04-13 09:32:42,52.55,52.56
2017-04-13 09:32:43,52.54,52.56
2017-04-13 09:32:44,52.54,52.56
2017-04-13 09:32:45,52.54,52.55
2017-04-13 09:32:46,52.54,52.55
2017-04-13 09:32:47,52.53,52.55
2017-04-13 09:32:48,52.53,52.55
2017-04-13 09:32:49,52.53,52.55
2017-04-13 09:32:50,52.54,52.55
2017-04-13 09:32:51,52.54,52.55
2017-04-13 09:32:52,52.53,52.54
2017-04-13 09:32:53,52.54,52.55
2017-04-13 09:32:54,52.53,52.55
2017-04-13 09:32:55,52.54,52.55
2017-04-13 09:32:56,52.54,52.55
2017-04-13 09:32:57,52.54,52.55
2017-04-13 09:32:58,52.54,52.55
2017-04-13 09:32:59,52.54,52.55
2017-04-13 09:33:00,52.54,52.55
2017-04-13 09:33:01,52.54,52.55
2017-04-13 09:33:02,52.54,52.55
2017-04-13 09:33:03,52.54,52.55
2017-04-13 09:33:04,52.54,52.55
2017-04-13 09:33:05,52.54,52.55
2017-04-13 09:33:06,52.54,52.55
2017-04-13 09:33:07,52.54,52.55
2017-04-13 09:33:08,52.54,52.55
2017-04-13 09:33:09,52.54,52.55
2017-04-13 09:33:10,52.53,52.54
2017-04-13 09:33:11,52.53,52.54
2017-04-13 09:33:12,52.53,52.54
2017-04-13 09:33:13,52.53,52.54
2017-04-13 09:33:14,52.53,52.54
2017-04-13 09:33:15,52.53,52.54
2017-04-13 09:33:16,52.53,52.54
2017-04-13 09:33:17,52.53,52.54
2017-04-13 09:33:18,52.53,52.55
2017-04-13 09:33:19,52.54,52.55
2017-04-13 09:33:20,52.54,52.55
2017-04-13 09:33:21,52.54,52.55
2017-04-13 09:33:22,52.54,52.55
2017-04-13 09:33:23,52.54,52.55
2017-04-13 09:33:24,52.54,52.55
2017-04-13 09:33:25,52.54,52.55
2017-04-13 09:33:26,52.54,52.55
2017-04-13 09:33:27,52.53,52.54
2017-04-13 09:33:28,52.53,52.55
2017-04-13 09:33:29,52.53,52.54
2017-04-13 09:33:30,52.53,52.54
2017-04-13 09:33:31,52.52,52.54
2017-04-13 09:33:32,52.53,52.54
2017-04-13 09:33:33,52.52,52.53
2017-04-13 09:33:34,52.52,52.53
2017-04-13 09:33:35,52.51,52.52
2017-04-13 09:33:36,52.5,52.51
2017-04-13 09:33:37,52.5,52.51
2017-04-13 09:33:38,52.5,52.51
2017-04-13 09:33:39,52.5,52.51
2017-04-13 09:33:40,52.5,52.51
2017-04-13 09:33:41,52.5,52.51
2017-04-13 09:33:42,52.49,52.5
2017-04-13 09:33:43,52.5,52.51
2017-04-13 09:33:44,52.49,52.5
2017-04-13 09:33:45,52.49,52.5
2017-04-13 09:33:46,52.49,52.5
2017-04-13 09:33:47,52.49,52.5
2017-04-13 09:33:48,52.49,52.5
2017-04-13 09:33:49,52.49,52.5
2017-04-13 09:33:50,52.49,52.5
2017-04-13 09:33:51,52.49,52.5
2017-04-13 09:33:52,52.49,52.5
2017-04-13 09:33:53,52.49,52.5
2017-04-13 09:33:54,52.49,52.5
2017-04-13 09:33:55,52.49,52.5
2017-04-13 09:33:56,52.5,52.51
2017-04-13 09:33:57,52.49,52.5
2017-04-13 09:33:58,52.49,52.5
2017-04-13 09:33:59,52.49,52.5
2017-04-13 09:34:00,52.49,52.5
2017-04-13 09:34:01,52.5,52.51
2017-04-13 09:34:02,52.5,52.51
2017-04-13 09:34:03,52.5,52.51
2017-04-13 09:34:04,52.5,52.51
2017-04-13 09:34:05,52.5,52.51
2017-04-13 09:34:06,52.5,52.51
2017-04-13 09:34:07,52.5,52.51
2017-04-13 09:34:08,52.49,52.51
2017-04-13 09:34:09,52.49,52.51
2017-04-13 09:34:10,52.49,52.51
2017-04-13 09:34:11,52.5,52.51
2017-04-13 09:34:12,52.5,52.51
2017-04-13 09:34:13,52.5,52.51
2017-04-13 09:34:14,52.5,52.51
2017-04-13 09:34:15,52.5,52.51
2017-04-13 09:34:16,52.5,52.51
2017-04-13 09:34:17,52.51,52.52
2017-04-13 09:34:18,52.51,52.52
2017-04-13 09:34:19,52.51,52.52
2017-04-13 09:34:20,52.51,52.52
2017-04-13 09:34:21,52.51,52.52
2017-04-13 09:34:22,52.51,52.52
2017-04-13 09:34:23,52.51,52.52
2017-04-13 09:34:24,52.51,52.52
2017-04-13 09:34:25,52.51,52.52
2017-04-13 09:34:26,52.51,52.52
2017-04-13 09:34:27,52.51,52.52
2017-04-13 09:34:28,52.51,52.52
2017-04-13 09:34:29,52.51,52.52
2017-04-13 09:34:30,52.51,52.52
2017-04-13 09:34:31,52.51,52.52
2017-04-13 09:34:32,52.52,52.53
2017-04-13 09:34:33,52.52,52.53
2017-04-13 09:34:34,52.52,52.53
2017-04-13 09:34:35,52.52,52.53
2017-04-13 09:34:36,52.52,52.53
2017-04-13 09:34:37,52.53,52.54
2017-04-13 09:34:38,52.53,52.54
2017-04-13 09:34:39,52.53,52.54
2017-04-13 09:34:40,52.54,52.55
2017-04-13 09:34:41,52.53,52.54
2017-04-13 09:34:42,52.53,52.54
2017-04-13 09:34:43,52.54,52.55
2017-04-13 09:34:44,52.54,52.55
2017-04-13 09:34:45,52.54,52.55
2017-04-13 09:34:46,52.54,52.55
2017-04-13 09:34:47,52.54,52.55
2017-04-13 09:34:48,52.54,52.55
2017-04-13 09:34:49,52.54,52.55
2017-04-13 09:34:50,52.55,52.56
2017-04-13 09:34:51,52.55,52.56
2017-04-13 09:34:52,52.55,52.56
2017-04-13 09:34:53,52.55,52.56
2017-04-13 09:34:54,52.55,52.56
2017-04-13 09:34:55,52.56,52.57
2017-04-13 09:34:56,52.56,52.57
2017-04-13 09:34:57,52.56,52.57
2017-04-13 09:34:58,52.56,52.57
2017-04-13 09:34:59,52.56,52.57
2017-04-13 09:35:00,52.56,52.57
2017-04-13 09:35:01,52.55,52.56
2017-04-13 09:35:02,52.55,52.56
2017-04-13 09:35:03,52.55,52.56
2017-04-13 09:35:04,52.54,52.55
2017-04-13 09:35:05,52.54,52.55
2017-04-13 09:35:06,52.54,52.55
2017-04-13 09:35:07,52.54,52.55
2017-04-13 09:35:08,52.54,52.55
2017-04-13 09:35:09,52.54,52.55
2017-04-13 09:35:10,52.53,52.54
2017-04-13 09:35:11,52.52,52.53
2017-04-13 09:35:12,52.53,52.54
2017-04-13 09:35:13,52.53,52.54
2017-04-13 09:35:14,52.53,52.54
2017-04-13 09:35:15,52.54,52.55
2017-04-13 09:35:16,52.54,52.55
2017-04-13 09:35:17,52.54,52.55
2017-04-13 09:35:18,52.55,52.56
2017-04-13 09:35:19,52.55,52.56
2017-04-13 09:35:20,52.54,52.55
2017-04-13 09:35:21,52.54,52.55
2017-04-13 09:35:22,52.54,52.55
2017-04-13 09:35:23,52.54,52.55
2017-04-13 09:35:24,52.54,52.56
2017-04-13 09:35:25,52.54,52.56
2017-04-13 09:35:26,52.54,52.55
2017-04-13 09:35:27,52.54,52.55
2017-04-13 09:35:28,52.55,52.56
2017-04-13 09:35:29,52.54,52.55
2017-04-13 09:35:30,52.54,52.55
2017-04-13 09:35:31,52.54,52.55
2017-04-13 09:35:32,52.54,52.55
2017-04-13 09:35:33,52.54,52.55
2017-04-13 09:35:34,52.54,52.55
2017-04-13 09:35:35,52.54,52.55
2017-04-13 09:35:36,52.54,52.55
2017-04-13 09:35:37,52.55,52.56
2017-04-13 09:35:38,52.55,52.56
2017-04-13 09:35:39,52.56,52.57
2017-04-13 09:35:40,52.56,52.57
2017-04-13 09:35:41,52.56,52.57
2017-04-13 09:35:42,52.55,52.56
2017-04-13 09:35:43,52.55,52.56
2017-04-13 09:35:44,52.55,52.56
2017-04-13 09:35:45,52.56,52.57
2017-04-13 09:35:46,52.56,52.57
2017-04-13 09:35:47,52.56,52.57
2017-04-13 09:35:48,52.56,52.57
2017-04-13 09:35:49,52.56,52.57
2017-04-13 09:35:50,52.56,52.57
2017-04-13 09:35:51,52.56,52.57
2017-04-13 09:35:52,52.55,52.56
2017-04-13 09:35:53,52.56,52.57
2017-04-13 09:35:54,52.56,52.57
2017-04-13 09:35:55,52.56,52.57
2017-04-13 09:35:56,52.56,52.57
2017-04-13 09:35:57,52.55,52.56
2017-04-13 09:35:58,52.56,52.57
2017-04-13 09:35:59,52.56,52.57
2017-04-13 09:36:00,52.56,52.57
2017-04-13 09:36:01,52.56,52.57
2017-04-13 09:36:02,52.56,52.57
2017-04-13 09:36:03,52.56,52.57
2017-04-13 09:36:04,52.56,52.57
2017-04-13 09:36:05,52.57,52.58
2017-04-13 09:36:06,52.57,52.58
2017-04-13 09:36:07,52.56,52.57
2017-04-13 09:36:08,52.56,52.57
2017-04-13 09:36:09,52.56,52.57
2017-04-13 09:36:10,52.56,52.57
2017-04-13 09:36:11,52.56,52.57
2017-04-13 09:36:12,52.56,52.57
2017-04-13 09:36:13,52.56,52.57
2017-04-13 09:36:14,52.56,52.57
2017-04-13 09:36:15,52.56,52.57
2017-04-13 09:36:16,52.56,52.57
2017-04-13 09:36:17,52.56,52.57
2017-04-13 09:36:18,52.56,52.57
2017-04-13 09:36:19,52.55,52.56
2017-04-13 09:36:20,52.55,52.56
2017-04-13 09:36:21,52.55,52.56
2017-04-13 09:36:22,52.55,52.56
2017-04-13 09:36:23,52.56,52.57
2017-04-13 09:36:24,52.56,52.57
2017-04-13 09:36:25,52.56,52.57
2017-04-13 09:36:26,52.56,52.57
2017-04-13 09:36:27,52.57,52.58
2017-04-13 09:36:28,52.57,52.58
2017-04-13 09:36:29,52.57,52.58
2017-04-13 09:36:30,52.57,52.58
2017-04-13 09:36:31,52.57,52.58
2017-04-13 09:36:32,52.57,52.58
2017-04-13 09:36:33,52.59,52.6
2017-04-13 09:36:34,52.58,52.59
2017-04-13 09:36:35,52.58,52.59
2017-04-13 09:36:36,52.58,52.59
2017-04-13 09:36:37,52.58,52.59
2017-04-13 09:36:38,52.58,52.59
2017-04-13 09:36:39,52.58,52.59
2017-04-13 09:36:40,52.58,52.59
2017-04-13 09:36:41,52.59,52.6
2017-04-13 09:36:42,52.59,52.6
2017-04-13 09:36:43,52.58,52.6
2017-04-13 09:36:44,52.58,52.59
2017-04-13 09:36:45,52.59,52.6
2017-04-13 09:36:46,52.58,52.6
2017-04-13 09:36:47,52.58,52.59
2017-04-13 09:36:48,52.58,52.59
2017-04-13 09:36:49,52.58,52.59
2017-04-13 09:36:50,52.58,52.59
2017-04-13 09:36:51,52.58,52.59
2017-04-13 09:36:52,52.58,52.59
2017-04-13 09:36:53,52.57,52.58
2017-04-13 09:36:54,52.57,52.58
2017-04-13 09:36:55,52.57,52.58
2017-04-13 09:36:56,52.57,52.58
2017-04-13 09:36:57,52.57,52.58
2017-04-13 09:36:58,52.57,52.58
2017-04-13 09:36:59,52.57,52.58
2017-04-13 09:37:00,52.57,52.58
2017-04-13 09:37:01,52.56,52.57
2017-04-13 09:37:02,52.56,52.57
2017-04-13 09:37:03,52.56,52.57
2017-04-13 09:37:04,52.56,52.57
2017-04-13 09:37:05,52.57,52.58
2017-04-13 09:37:06,52.57,52.58
2017-04-13 09:37:07,52.57,52.58
2017-04-13 09:37:08,52.57,52.58
2017-04-13 09:37:09,52.57,52.58
2017-04-13 09:37:10,52.57,52.58
2017-04-13 09:37:11,52.57,52.58
2017-04-13 09:37:12,52.57,52.58
2017-04-13 09:37:13,52.57,52.58
2017-04-13 09:37:14,52.57,52.58
2017-04-13 09:37:15,52.57,52.58
2017-04-13 09:37:16,52.58,52.59
2017-04-13 09:37:17,52.58,52.59
2017-04-13 09:37:18,52.58,52.59
2017-04-13 09:37:19,52.58,52.59
2017-04-13 09:37:20,52.58,52.59
2017-04-13 09:37:21,52.58,52.59
2017-04-13 09:37:22,52.58,52.59
2017-04-13 09:37:23,52.57,52.58
2017-04-13 09:37:24,52.57,52.58
2017-04-13 09:37:25,52.57,52.58
2017-04-13 09:37:26,52.57,52.58
2017-04-13 09:37:27,52.57,52.58
2017-04-13 09:37:28,52.57,52.58
2017-04-13 09:37:29,52.57,52.58
2017-04-13 09:37:30,52.57,52.58
2017-04-13 09:37:31,52.57,52.58
2017-04-13 09:37:32,52.57,52.58
2017-04-13 09:37:33,52.57,52.58
2017-04-13 09:37:34,52.57,52.58
2017-04-13 09:37:35,52.57,52.58
2017-04-13 09:37:36,52.57,52.58
2017-04-13 09:37:37,52.57,52.58
2017-04-13 09:37:38,52.57,52.58
2017-04-13 09:37:39,52.58,52.59
2017-04-13 09:37:40,52.58,52.59
2017-04-13 09:37:41,52.58,52.59
2017-04-13 09:37:42,52.58,52.59
2017-04-13 09:37:43,52.59,52.6
2017-04-13 09:37:44,52.59,52.6
2017-04-13 09:37:45,52.59,52.6
2017-04-13 09:37:46,52.59,52.6
2017-04-13 09:37:47,52.59,52.6
2017-04-13 09:37:48,52.59,52.6
2017-04-13 09:37:49,52.59,52.6
2017-04-13 09:37:50,52.6,52.61
2017-04-13 09:37:51,52.6,52.61
2017-04-13 09:37:52,52.6,52.61
2017-04-13 09:37:53,52.59,52.6
2017-04-13 09:37:54,52.58,52.59
2017-04-13 09:37:55,52.58,52.59
2017-04-13 09:37:56,52.59,52.6
2017-04-13 09:37:57,52.59,52.6
2017-04-13 09:37:58,52.58,52.6
2017-04-13 09:37:59,52.58,52.6
2017-04-13 09:38:00,52.59,52.6
2017-04-13 09:38:01,52.59,52.6
2017-04-13 09:38:02,52.58,52.59
2017-04-13 09:38:03,52.58,52.59
2017-04-13 09:38:04,52.58,52.59
2017-04-13 09:38:05,52.58,52.59
2017-04-13 09:38:06,52.58,52.59
2017-04-13 09:38:07,52.58,52.59
2017-04-13 09:38:08,52.57,52.58
2017-04-13 09:38:09,52.57,52.58
2017-04-13 09:38:10,52.57,52.58
2017-04-13 09:38:11,52.57,52.58
2017-04-13 09:38:12,52.57,52.58
2017-04-13 09:38:13,52.57,52.58
2017-04-13 09:38:14,52.57,52.58
2017-04-13 09:38:15,52.57,52.58
2017-04-13 09:38:16,52.58,52.59
2017-04-13 09:38:17,52.58,52.59
2017-04-13 09:38:18,52.58,52.59
2017-04-13 09:38:19,52.58,52.59
2017-04-13 09:38:20,52.58,52.59
2017-04-13 09:38:21,52.58,52.59
2017-04-13 09:38:22,52.59,52.6
2017-04-13 09:38:23,52.59,52.6
2017-04-13 09:38:24,52.58,52.6
2017-04-13 09:38:25,52.59,52.6
2017-04-13 09:38:26,52.59,52.6
2017-04-13 09:38:27,52.59,52.6
2017-04-13 09:38:28,52.59,52.6
2017-04-13 09:38:29,52.59,52.61
2017-04-13 09:38:30,52.59,52.6
2017-04-13 09:38:31,52.59,52.6
2017-04-13 09:38:32,52.59,52.6
2017-04-13 09:38:33,52.59,52.6
2017-04-13 09:38:34,52.59,52.6
2017-04-13 09:38:35,52.59,52.6
2017-04-13 09:38:36,52.59,52.6
2017-04-13 09:38:37,52.59,52.6
2017-04-13 09:38:38,52.59,52.6
2017-04-13 09:38:39,52.59,52.6
2017-04-13 09:38:40,52.59,52.6
2017-04-13 09:38:41,52.59,52.6
2017-04-13 09:38:42,52.59,52.6
2017-04-13 09:38:43,52.59,52.6
2017-04-13 09:38:44,52.59,52.6
2017-04-13 09:38:45,52.59,52.6
2017-04-13 09:38:46,52.58,52.6
2017-04-13 09:38:47,52.59,52.6
2017-04-13 09:38:48,52.59,52.6
2017-04-13 09:38:49,52.59,52.6
2017-04-13 09:38:50,52.59,52.6
2017-04-13 09:38:51,52.59,52.6
2017-04-13 09:38:52,52.59,52.6
2017-04-13 09:38:53,52.59,52.6
2017-04-13 09:38:54,52.6,52.61
2017-04-13 09:38:55,52.61,52.62
2017-04-13 09:38:56,52.61,52.63
2017-04-13 09:38:57,52.61,52.62
2017-04-13 09:38:58,52.61,52.62
2017-04-13 09:38:59,52.61,52.62
2017-04-13 09:39:00,52.61,52.62
2017-04-13 09:39:01,52.61,52.62
2017-04-13 09:39:02,52.6,52.62
2017-04-13 09:39:03,52.6,52.61
2017-04-13 09:39:04,52.6,52.61
2017-04-13 09:39:05,52.6,52.61
2017-04-13 09:39:06,52.6,52.61
2017-04-13 09:39:07,52.6,52.61
2017-04-13 09:39:08,52.6,52.61
2017-04-13 09:39:09,52.6,52.61
2017-04-13 09:39:10,52.6,52.61
2017-04-13 09:39:11,52.6,52.61
2017-04-13 09:39:12,52.6,52.61
2017-04-13 09:39:13,52.6,52.61
2017-04-13 09:39:14,52.6,52.61
2017-04-13 09:39:15,52.6,52.61
2017-04-13 09:39:16,52.6,52.61
2017-04-13 09:39:17,52.6,52.61
2017-04-13 09:39:18,52.6,52.61
2017-04-13 09:39:19,52.6,52.61
2017-04-13 09:39:20,52.6,52.61
2017-04-13 09:39:21,52.6,52.61
2017-04-13 09:39:22,52.61,52.62
2017-04-13 09:39:23,52.61,52.62
2017-04-13 09:39:24,52.61,52.62
2017-04-13 09:39:25,52.61,52.62
2017-04-13 09:39:26,52.61,52.62
2017-04-13 09:39:27,52.61,52.62
2017-04-13 09:39:28,52.61,52.62
2017-04-13 09:39:29,52.6,52.61
2017-04-13 09:39:30,52.61,52.62
2017-04-13 09:39:31,52.61,52.62
2017-04-13 09:39:32,52.61,52.62
2017-04-13 09:39:33,52.61,52.62
2017-04-13 09:39:34,52.61,52.62
2017-04-13 09:39:35,52.61,52.62
2017-04-13 09:39:36,52.61,52.62
2017-04-13 09:39:37,52.61,52.62
2017-04-13 09:39:38,52.61,52.62
2017-04-13 09:39:39,52.61,52.62
2017-04-13 09:39:40,52.61,52.62
2017-04-13 09:39:41,52.61,52.62
2017-04-13 09:39:42,52.61,52.62
2017-04-13 09:39:43,52.61,52.62
2017-04-13 09:39:44,52.61,52.62
2017-04-13 09:39:45,52.61,52.62
2017-04-13 09:39:46,52.61,52.62
2017-04-13 09:39:47,52.61,52.62
2017-04-13 09:39:48,52.61,52.62
2017-04-13 09:39:49,52.61,52.62
2017-04-13 09:39:50,52.61,52.62
2017-04-13 09:39:51,52.61,52.62
2017-04-13 09:39:52,52.61,52.62
2017-04-13 09:39:53,52.61,52.62
2017-04-13 09:39:54,52.61,52.62
2017-04-13 09:39:55,52.61,52.62
2017-04-13 09:39:56,52.61,52.62
2017-04-13 09:39:57,52.6,52.62
2017-04-13 09:39:58,52.6,52.61
2017-04-13 09:39:59,52.6,52.61
2017-04-13 09:40:00,52.6,52.61
2017-04-13 09:40:01,52.6,52.61
2017-04-13 09:40:02,52.58,52.6
2017-04-13 09:40:03,52.59,52.6
2017-04-13 09:40:04,52.58,52.59
2017-04-13 09:40:05,52.59,52.6
2017-04-13 09:40:06,52.58,52.59
2017-04-13 09:40:07,52.58,52.59
2017-04-13 09:40:08,52.58,52.59
2017-04-13 09:40:09,52.59,52.6
2017-04-13 09:40:10,52.58,52.59
2017-04-13 09:40:11,52.58,52.59
2017-04-13 09:40:12,52.58,52.59
2017-04-13 09:40:13,52.58,52.59
2017-04-13 09:40:14,52.58,52.59
2017-04-13 09:40:15,52.58,52.59
2017-04-13 09:40:16,52.58,52.59
2017-04-13 09:40:17,52.58,52.59
2017-04-13 09:40:18,52.58,52.59
2017-04-13 09:40:19,52.58,52.59
2017-04-13 09:40:20,52.58,52.59
2017-04-13 09:40:21,52.57,52.58
2017-04-13 09:40:22,52.57,52.58
2017-04-13 09:40:23,52.57,52.58
2017-04-13 09:40:24,52.58,52.59
2017-04-13 09:40:25,52.58,52.59
2017-04-13 09:40:26,52.58,52.59
2017-04-13 09:40:27,52.58,52.59
2017-04-13 09:40:28,52.58,52.59
2017-04-13 09:40:29,52.58,52.59
2017-04-13 09:40:30,52.58,52.59
2017-04-13 09:40:31,52.59,52.6
2017-04-13 09:40:32,52.59,52.6
2017-04-13 09:40:33,52.58,52.6
2017-04-13 09:40:34,52.58,52.59
2017-04-13 09:40:35,52.59,52.6
2017-04-13 09:40:36,52.59,52.6
2017-04-13 09:40:37,52.59,52.6
2017-04-13 09:40:38,52.59,52.6
2017-04-13 09:40:39,52.59,52.6
2017-04-13 09:40:40,52.59,52.6
2017-04-13 09:40:41,52.58,52.6
2017-04-13 09:40:42,52.58,52.59
2017-04-13 09:40:43,52.58,52.59
2017-04-13 09:40:44,52.57,52.58
2017-04-13 09:40:45,52.57,52.58
2017-04-13 09:40:46,52.58,52.59
2017-04-13 09:40:47,52.58,52.59
2017-04-13 09:40:48,52.58,52.59
2017-04-13 09:40:49,52.58,52.59
2017-04-13 09:40:50,52.58,52.59
2017-04-13 09:40:51,52.58,52.59
2017-04-13 09:40:52,52.58,52.59
2017-04-13 09:40:53,52.58,52.59
2017-04-13 09:40:54,52.58,52.59
2017-04-13 09:40:55,52.59,52.6
2017-04-13 09:40:56,52.58,52.6
2017-04-13 09:40:57,52.59,52.6
2017-04-13 09:40:58,52.59,52.6
2017-04-13 09:40:59,52.59,52.6
2017-04-13 09:41:00,52.59,52.6
2017-04-13 09:41:01,52.58,52.6
2017-04-13 09:41:02,52.58,52.6
2017-04-13 09:41:03,52.59,52.6
2017-04-13 09:41:04,52.59,52.6
2017-04-13 09:41:05,52.59,52.6
2017-04-13 09:41:06,52.6,52.61
2017-04-13 09:41:07,52.6,52.61
2017-04-13 09:41:08,52.61,52.62
2017-04-13 09:41:09,52.6,52.61
2017-04-13 09:41:10,52.6,52.61
2017-04-13 09:41:11,52.6,52.61
2017-04-13 09:41:12,52.6,52.61
2017-04-13 09:41:13,52.61,52.62
2017-04-13 09:41:14,52.61,52.62
2017-04-13 09:41:15,52.61,52.62
2017-04-13 09:41:16,52.61,52.62
2017-04-13 09:41:17,52.61,52.62
2017-04-13 09:41:18,52.61,52.62
2017-04-13 09:41:19,52.61,52.62
2017-04-13 09:41:20,52.61,52.62
2017-04-13 09:41:21,52.61,52.62
2017-04-13 09:41:22,52.61,52.62
2017-04-13 09:41:23,52.61,52.62
2017-04-13 09:41:24,52.61,52.62
2017-04-13 09:41:25,52.61,52.62
2017-04-13 09:41:26,52.61,52.62
2017-04-13 09:41:27,52.61,52.62
2017-04-13 09:41:28,52.61,52.62
2017-04-13 09:41:29,52.61,52.62
2017-04-13 09:41:30,52.61,52.62
2017-04-13 09:41:31,52.61,52.62
2017-04-13 09:41:32,52.61,52.62
2017-04-13 09:41:33,52.61,52.62
2017-04-13 09:41:34,52.61,52.62
2017-04-13 09:41:35,52.61,52.62
2017-04-13 09:41:36,52.61,52.62
2017-04-13 09:41:37,52.61,52.62
2017-04-13 09:41:38,52.6,52.62
2017-04-13 09:41:39,52.6,52.62
2017-04-13 09:41:40,52.6,52.61
2017-04-13 09:41:41,52.61,52.62
2017-04-13 09:41:42,52.61,52.62
2017-04-13 09:41:43,52.61,52.62
2017-04-13 09:41:44,52.61,52.62
2017-04-13 09:41:45,52.62,52.63
2017-04-13 09:41:46,52.62,52.63
2017-04-13 09:41:47,52.62,52.63
2017-04-13 09:41:48,52.62,52.63
2017-04-13 09:41:49,52.62,52.63
2017-04-13 09:41:50,52.62,52.63
2017-04-13 09:41:51,52.62,52.63
2017-04-13 09:41:52,52.62,52.63
2017-04-13 09:41:53,52.62,52.63
2017-04-13 09:41:54,52.62,52.63
2017-04-13 09:41:55,52.62,52.63
2017-04-13 09:41:56,52.62,52.63
2017-04-13 09:41:57,52.62,52.63
2017-04-13 09:41:58,52.61,52.62
2017-04-13 09:41:59,52.61,52.62
2017-04-13 09:42:00,52.61,52.62
2017-04-13 09:42:01,52.61,52.62
2017-04-13 09:42:02,52.61,52.62
2017-04-13 09:42:03,52.61,52.62
2017-04-13 09:42:04,52.6,52.61
2017-04-13 09:42:05,52.6,52.61
2017-04-13 09:42:06,52.6,52.61
2017-04-13 09:42:07,52.6,52.61
2017-04-13 09:42:08,52.6,52.61
2017-04-13 09:42:09,52.61,52.62
2017-04-13 09:42:10,52.61,52.62
2017-04-13 09:42:11,52.61,52.62
2017-04-13 09:42:12,52.61,52.62
2017-04-13 09:42:13,52.62,52.63
2017-04-13 09:42:14,52.62,52.63
2017-04-13 09:42:15,52.62,52.63
2017-04-13 09:42:16,52.62,52.63
2017-04-13 09:42:17,52.62,52.63
2017-04-13 09:42:18,52.62,52.63
2017-04-13 09:42:19,52.62,52.63
2017-04-13 09:42:20,52.62,52.63
2017-04-13 09:42:21,52.62,52.63
2017-04-13 09:42:22,52.62,52.63
2017-04-13 09:42:23,52.62,52.63
2017-04-13 09:42:24,52.62,52.63
2017-04-13 09:42:25,52.62,52.63
2017-04-13 09:42:26,52.62,52.63
2017-04-13 09:42:27,52.62,52.63
2017-04-13 09:42:28,52.62,52.63
2017-04-13 09:42:29,52.62,52.63
2017-04-13 09:42:30,52.62,52.63
2017-04-13 09:42:31,52.62,52.63
2017-04-13 09:42:32,52.62,52.63
2017-04-13 09:42:33,52.62,52.63
2017-04-13 09:42:34,52.62,52.63
2017-04-13 09:42:35,52.62,52.63
2017-04-13 09:42:36,52.62,52.63
2017-04-13 09:42:37,52.62,52.63
2017-04-13 09:42:38,52.61,52.62
2017-04-13 09:42:39,52.61,52.62
2017-04-13 09:42:40,52.61,52.62
2017-04-13 09:42:41,52.61,52.62
2017-04-13 09:42:42,52.61,52.62
2017-04-13 09:42:43,52.62,52.63
2017-04-13 09:42:44,52.62,52.63
2017-04-13 09:42:45,52.62,52.63
2017-04-13 09:42:46,52.62,52.63
2017-04-13 09:42:47,52.62,52.63
2017-04-13 09:42:48,52.61,52.62
2017-04-13 09:42:49,52.61,52.62
2017-04-13 09:42:50,52.6,52.61
2017-04-13 09:42:51,52.6,52.61
2017-04-13 09:42:52,52.6,52.61
2017-04-13 09:42:53,52.6,52.61
2017-04-13 09:42:54,52.6,52.61
2017-04-13 09:42:55,52.6,52.61
2017-04-13 09:42:56,52.6,52.61
2017-04-13 09:42:57,52.6,52.61
2017-04-13 09:42:58,52.6,52.61
2017-04-13 09:42:59,52.6,52.61
2017-04-13 09:43:00,52.6,52.61
2017-04-13 09:43:01,52.61,52.62
2017-04-13 09:43:02,52.6,52.61
2017-04-13 09:43:03,52.61,52.62
2017-04-13 09:43:04,52.61,52.62
2017-04-13 09:43:05,52.61,52.62
2017-04-13 09:43:06,52.62,52.63
2017-04-13 09:43:07,52.62,52.63
2017-04-13 09:43:08,52.62,52.63
2017-04-13 09:43:09,52.62,52.63
2017-04-13 09:43:10,52.62,52.63
2017-04-13 09:43:11,52.61,52.62
2017-04-13 09:43:12,52.61,52.62
2017-04-13 09:43:13,52.61,52.62
2017-04-13 09:43:14,52.61,52.62
2017-04-13 09:43:15,52.61,52.62
2017-04-13 09:43:16,52.61,52.62
2017-04-13 09:43:17,52.61,52.62
2017-04-13 09:43:18,52.61,52.62
2017-04-13 09:43:19,52.61,52.62
2017-04-13 09:43:20,52.61,52.62
2017-04-13 09:43:21,52.61,52.62
2017-04-13 09:43:22,52.61,52.62
2017-04-13 09:43:23,52.6,52.62
2017-04-13 09:43:24,52.6,52.62
2017-04-13 09:43:25,52.6,52.62
2017-04-13 09:43:26,52.6,52.62
2017-04-13 09:43:27,52.6,52.61
2017-04-13 09:43:28,52.6,52.61
2017-04-13 09:43:29,52.6,52.61
2017-04-13 09:43:30,52.6,52.61
2017-04-13 09:43:31,52.59,52.6
2017-04-13 09:43:32,52.6,52.61
2017-04-13 09:43:33,52.6,52.61
2017-04-13 09:43:34,52.6,52.61
2017-04-13 09:43:35,52.6,52.61
2017-04-13 09:43:36,52.6,52.61
2017-04-13 09:43:37,52.6,52.61
2017-04-13 09:43:38,52.6,52.61
2017-04-13 09:43:39,52.6,52.61
2017-04-13 09:43:40,52.6,52.61
2017-04-13 09:43:41,52.6,52.61
2017-04-13 09:43:42,52.6,52.61
2017-04-13 09:43:43,52.6,52.61
2017-04-13 09:43:44,52.6,52.61
2017-04-13 09:43:45,52.59,52.6
2017-04-13 09:43:46,52.59,52.6
2017-04-13 09:43:47,52.59,52.6
2017-04-13 09:43:48,52.59,52.6
2017-04-13 09:43:49,52.59,52.6
2017-04-13 09:43:50,52.59,52.6
2017-04-13 09:43:51,52.59,52.6
2017-04-13 09:43:52,52.6,52.61
2017-04-13 09:43:53,52.6,52.61
2017-04-13 09:43:54,52.59,52.6
2017-04-13 09:43:55,52.59,52.6
2017-04-13 09:43:56,52.59,52.6
2017-04-13 09:43:57,52.59,52.6
2017-04-13 09:43:58,52.59,52.6
2017-04-13 09:43:59,52.6,52.61
2017-04-13 09:44:00,52.6,52.61
2017-04-13 09:44:01,52.6,52.61
2017-04-13 09:44:02,52.6,52.61
2017-04-13 09:44:03,52.6,52.61
2017-04-13 09:44:04,52.6,52.61
2017-04-13 09:44:05,52.6,52.61
2017-04-13 09:44:06,52.6,52.61
2017-04-13 09:44:07,52.6,52.61
2017-04-13 09:44:08,52.6,52.61
2017-04-13 09:44:09,52.6,52.61
2017-04-13 09:44:10,52.6,52.61
2017-04-13 09:44:11,52.6,52.61
2017-04-13 09:44:12,52.6,52.61
2017-04-13 09:44:13,52.6,52.61
2017-04-13 09:44:14,52.61,52.62
2017-04-13 09:44:15,52.61,52.62
2017-04-13 09:44:16,52.61,52.62
2017-04-13 09:44:17,52.61,52.62
2017-04-13 09:44:18,52.61,52.62
2017-04-13 09:44:19,52.61,52.62
2017-04-13 09:44:20,52.6,52.61
2017-04-13 09:44:21,52.61,52.62
2017-04-13 09:44:22,52.61,52.62
2017-04-13 09:44:23,52.61,52.62
2017-04-13 09:44:24,52.61,52.62
2017-04-13 09:44:25,52.62,52.63
2017-04-13 09:44:26,52.62,52.63
2017-04-13 09:44:27,52.62,52.63
2017-04-13 09:44:28,52.63,52.64
2017-04-13 09:44:29,52.63,52.64
2017-04-13 09:44:30,52.62,52.63
2017-04-13 09:44:31,52.63,52.64
2017-04-13 09:44:32,52.63,52.64
2017-04-13 09:44:33,52.62,52.63
2017-04-13 09:44:34,52.62,52.63
2017-04-13 09:44:35,52.62,52.63
2017-04-13 09:44:36,52.62,52.63
2017-04-13 09:44:37,52.63,52.64
2017-04-13 09:44:38,52.63,52.64
2017-04-13 09:44:39,52.62,52.63
2017-04-13 09:44:40,52.62,52.63
2017-04-13 09:44:41,52.62,52.63
2017-04-13 09:44:42,52.62,52.63
2017-04-13 09:44:43,52.62,52.63
2017-04-13 09:44:44,52.63,52.64
2017-04-13 09:44:45,52.63,52.64
2017-04-13 09:44:46,52.63,52.64
2017-04-13 09:44:47,52.63,52.64
2017-04-13 09:44:48,52.63,52.64
2017-04-13 09:44:49,52.63,52.64
2017-04-13 09:44:50,52.63,52.64
2017-04-13 09:44:51,52.63,52.64
2017-04-13 09:44:52,52.63,52.64
2017-04-13 09:44:53,52.63,52.64
2017-04-13 09:44:54,52.63,52.64
2017-04-13 09:44:55,52.63,52.64
2017-04-13 09:44:56,52.63,52.64
2017-04-13 09:44:57,52.63,52.64
2017-04-13 09:44:58,52.63,52.64
2017-04-13 09:44:59,52.63,52.64
2017-04-13 09:45:00,52.63,52.64
2017-04-13 09:45:01,52.63,52.64
2017-04-13 09:45:02,52.62,52.63
2017-04-13 09:45:03,52.63,52.64
2017-04-13 09:45:04,52.63,52.64
2017-04-13 09:45:05,52.62,52.63
2017-04-13 09:45:06,52.62,52.63
2017-04-13 09:45:07,52.61,52.62
2017-04-13 09:45:08,52.61,52.62
2017-04-13 09:45:09,52.61,52.62
2017-04-13 09:45:10,52.61,52.62
2017-04-13 09:45:11,52.61,52.62
2017-04-13 09:45:12,52.62,52.63
2017-04-13 09:45:13,52.62,52.63
2017-04-13 09:45:14,52.62,52.63
2017-04-13 09:45:15,52.61,52.62
2017-04-13 09:45:16,52.61,52.62
2017-04-13 09:45:17,52.61,52.62
2017-04-13 09:45:18,52.61,52.62
2017-04-13 09:45:19,52.61,52.62
2017-04-13 09:45:20,52.61,52.62
2017-04-13 09:45:21,52.61,52.62
2017-04-13 09:45:22,52.61,52.62
2017-04-13 09:45:23,52.61,52.62
2017-04-13 09:45:24,52.61,52.62
2017-04-13 09:45:25,52.61,52.62
2017-04-13 09:45:26,52.61,52.62
2017-04-13 09:45:27,52.62,52.63
2017-04-13 09:45:28,52.62,52.63
2017-04-13 09:45:29,52.62,52.63
2017-04-13 09:45:30,52.62,52.63
2017-04-13 09:45:31,52.62,52.63
2017-04-13 09:45:32,52.62,52.63
2017-04-13 09:45:33,52.62,52.63
2017-04-13 09:45:34,52.62,52.63
2017-04-13 09:45:35,52.62,52.63
2017-04-13 09:45:36,52.62,52.63
2017-04-13 09:45:37,52.62,52.63
2017-04-13 09:45:38,52.63,52.64
2017-04-13 09:45:39,52.63,52.64
2017-04-13 09:45:40,52.63,52.64
2017-04-13 09:45:41,52.63,52.64
2017-04-13 09:45:42,52.62,52.63
2017-04-13 09:45:43,52.62,52.63
2017-04-13 09:45:44,52.62,52.63
2017-04-13 09:45:45,52.62,52.63
2017-04-13 09:45:46,52.62,52.64
2017-04-13 09:45:47,52.63,52.64
2017-04-13 09:45:48,52.62,52.63
2017-04-13 09:45:49,52.62,52.63
2017-04-13 09:45:50,52.62,52.63
2017-04-13 09:45:51,52.62,52.63
2017-04-13 09:45:52,52.62,52.63
2017-04-13 09:45:53,52.62,52.63
2017-04-13 09:45:54,52.61,52.62
2017-04-13 09:45:55,52.61,52.62
2017-04-13 09:45:56,52.61,52.62
2017-04-13 09:45:57,52.61,52.62
2017-04-13 09:45:58,52.61,52.62
2017-04-13 09:45:59,52.61,52.62
2017-04-13 09:46:00,52.61,52.62
2017-04-13 09:46:01,52.61,52.63
2017-04-13 09:46:02,52.61,52.63
2017-04-13 09:46:03,52.62,52.63
2017-04-13 09:46:04,52.62,52.63
2017-04-13 09:46:05,52.62,52.63
2017-04-13 09:46:06,52.62,52.63
2017-04-13 09:46:07,52.62,52.63
2017-04-13 09:46:08,52.62,52.63
2017-04-13 09:46:09,52.62,52.63
2017-04-13 09:46:10,52.62,52.63
2017-04-13 09:46:11,52.62,52.63
2017-04-13 09:46:12,52.62,52.63
2017-04-13 09:46:13,52.62,52.63
2017-04-13 09:46:14,52.62,52.63
2017-04-13 09:46:15,52.62,52.63
2017-04-13 09:46:16,52.62,52.63
2017-04-13 09:46:17,52.62,52.63
2017-04-13 09:46:18,52.62,52.63
2017-04-13 09:46:19,52.62,52.63
2017-04-13 09:46:20,52.62,52.63
2017-04-13 09:46:21,52.62,52.63
2017-04-13 09:46:22,52.62,52.63
2017-04-13 09:46:23,52.63,52.64
2017-04-13 09:46:24,52.63,52.64
2017-04-13 09:46:25,52.63,52.64
2017-04-13 09:46:26,52.63,52.64
2017-04-13 09:46:27,52.63,52.64
2017-04-13 09:46:28,52.63,52.64
2017-04-13 09:46:29,52.63,52.64
2017-04-13 09:46:30,52.63,52.64
2017-04-13 09:46:31,52.63,52.64
2017-04-13 09:46:32,52.63,52.64
2017-04-13 09:46:33,52.63,52.64
2017-04-13 09:46:34,52.63,52.64
2017-04-13 09:46:35,52.63,52.64
2017-04-13 09:46:36,52.63,52.64
2017-04-13 09:46:37,52.63,52.64
2017-04-13 09:46:38,52.63,52.64
2017-04-13 09:46:39,52.63,52.64
2017-04-13 09:46:40,52.63,52.64
2017-04-13 09:46:41,52.63,52.64
2017-04-13 09:46:42,52.63,52.64
2017-04-13 09:46:43,52.63,52.64
2017-04-13 09:46:44,52.63,52.64
2017-04-13 09:46:45,52.63,52.64
2017-04-13 09:46:46,52.63,52.64
2017-04-13 09:46:47,52.63,52.64
2017-04-13 09:46:48,52.63,52.64
2017-04-13 09:46:49,52.63,52.64
2017-04-13 09:46:50,52.63,52.64
2017-04-13 09:46:51,52.63,52.64
2017-04-13 09:46:52,52.63,52.64
2017-04-13 09:46:53,52.63,52.64
2017-04-13 09:46:54,52.63,52.64
2017-04-13 09:46:55,52.63,52.64
2017-04-13 09:46:56,52.62,52.63
2017-04-13 09:46:57,52.62,52.63
2017-04-13 09:46:58,52.62,52.63
2017-04-13 09:46:59,52.62,52.63
2017-04-13 09:47:00,52.62,52.63
2017-04-13 09:47:01,52.62,52.63
2017-04-13 09:47:02,52.61,52.62
2017-04-13 09:47:03,52.61,52.62
2017-04-13 09:47:04,52.61,52.62
2017-04-13 09:47:05,52.61,52.62
2017-04-13 09:47:06,52.61,52.62
2017-04-13 09:47:07,52.61,52.62
2017-04-13 09:47:08,52.61,52.62
2017-04-13 09:47:09,52.61,52.62
2017-04-13 09:47:10,52.62,52.63
2017-04-13 09:47:11,52.62,52.63
2017-04-13 09:47:12,52.62,52.63
2017-04-13 09:47:13,52.62,52.63
2017-04-13 09:47:14,52.62,52.63
2017-04-13 09:47:15,52.62,52.63
2017-04-13 09:47:16,52.62,52.63
2017-04-13 09:47:17,52.61,52.62
2017-04-13 09:47:18,52.61,52.62
2017-04-13 09:47:19,52.61,52.62
2017-04-13 09:47:20,52.61,52.62
2017-04-13 09:47:21,52.61,52.62
2017-04-13 09:47:22,52.61,52.62
2017-04-13 09:47:23,52.61,52.62
2017-04-13 09:47:24,52.61,52.62
2017-04-13 09:47:25,52.61,52.62
2017-04-13 09:47:26,52.61,52.62
2017-04-13 09:47:27,52.61,52.62
2017-04-13 09:47:28,52.61,52.62
2017-04-13 09:47:29,52.61,52.62
2017-04-13 09:47:30,52.61,52.62
2017-04-13 09:47:31,52.61,52.62
2017-04-13 09:47:32,52.61,52.62
2017-04-13 09:47:33,52.61,52.62
2017-04-13 09:47:34,52.61,52.62
2017-04-13 09:47:35,52.61,52.62
2017-04-13 09:47:36,52.61,52.62
2017-04-13 09:47:37,52.61,52.62
2017-04-13 09:47:38,52.61,52.62
2017-04-13 09:47:39,52.61,52.62
2017-04-13 09:47:40,52.61,52.62
2017-04-13 09:47:41,52.61,52.62
2017-04-13 09:47:42,52.61,52.62
2017-04-13 09:47:43,52.61,52.62
2017-04-13 09:47:44,52.61,52.62
2017-04-13 09:47:45,52.61,52.62
2017-04-13 09:47:46,52.61,52.62
2017-04-13 09:47:47,52.61,52.62
2017-04-13 09:47:48,52.61,52.62
2017-04-13 09:47:49,52.61,52.62
2017-04-13 09:47:50,52.62,52.63
2017-04-13 09:47:51,52.62,52.63
2017-04-13 09:47:52,52.62,52.63
2017-04-13 09:47:53,52.61,52.62
2017-04-13 09:47:54,52.61,52.62
2017-04-13 09:47:55,52.61,52.62
2017-04-13 09:47:56,52.61,52.62
2017-04-13 09:47:57,52.61,52.62
2017-04-13 09:47:58,52.61,52.62
2017-04-13 09:47:59,52.61,52.62
2017-04-13 09:48:00,52.61,52.62
2017-04-13 09:48:01,52.61,52.62
2017-04-13 09:48:02,52.61,52.62
2017-04-13 09:48:03,52.61,52.62
2017-04-13 09:48:04,52.61,52.62
2017-04-13 09:48:05,52.61,52.62
2017-04-13 09:48:06,52.61,52.62
2017-04-13 09:48:07,52.61,52.62
2017-04-13 09:48:08,52.62,52.63
2017-04-13 09:48:09,52.62,52.63
2017-04-13 09:48:10,52.62,52.63
2017-04-13 09:48:11,52.62,52.63
2017-04-13 09:48:12,52.62,52.63
2017-04-13 09:48:13,52.63,52.64
2017-04-13 09:48:14,52.63,52.64
2017-04-13 09:48:15,52.63,52.64
2017-04-13 09:48:16,52.62,52.63
2017-04-13 09:48:17,52.62,52.63
2017-04-13 09:48:18,52.62,52.63
2017-04-13 09:48:19,52.62,52.63
2017-04-13 09:48:20,52.62,52.63
2017-04-13 09:48:21,52.62,52.63
2017-04-13 09:48:22,52.62,52.63
2017-04-13 09:48:23,52.62,52.63
2017-04-13 09:48:24,52.62,52.63
2017-04-13 09:48:25,52.63,52.64
2017-04-13 09:48:26,52.63,52.64
2017-04-13 09:48:27,52.63,52.64
2017-04-13 09:48:28,52.63,52.64
2017-04-13 09:48:29,52.63,52.64
2017-04-13 09:48:30,52.63,52.64
2017-04-13 09:48:31,52.63,52.64
2017-04-13 09:48:32,52.63,52.64
2017-04-13 09:48:33,52.63,52.64
2017-04-13 09:48:34,52.63,52.64
2017-04-13 09:48:35,52.63,52.64
2017-04-13 09:48:36,52.63,52.64
2017-04-13 09:48:37,52.63,52.64
2017-04-13 09:48:38,52.63,52.64
2017-04-13 09:48:39,52.63,52.64
2017-04-13 09:48:40,52.63,52.64
2017-04-13 09:48:41,52.63,52.64
2017-04-13 09:48:42,52.63,52.64
2017-04-13 09:48:43,52.63,52.64
2017-04-13 09:48:44,52.63,52.64
2017-04-13 09:48:45,52.63,52.64
2017-04-13 09:48:46,52.64,52.65
2017-04-13 09:48:47,52.64,52.65
2017-04-13 09:48:48,52.64,52.65
2017-04-13 09:48:49,52.65,52.66
2017-04-13 09:48:50,52.65,52.66
2017-04-13 09:48:51,52.65,52.66
2017-04-13 09:48:52,52.65,52.66
2017-04-13 09:48:53,52.64,52.65
2017-04-13 09:48:54,52.64,52.65
2017-04-13 09:48:55,52.64,52.65
2017-04-13 09:48:56,52.64,52.65
2017-04-13 09:48:57,52.64,52.65
2017-04-13 09:48:58,52.64,52.65
2017-04-13 09:48:59,52.64,52.65
2017-04-13 09:49:00,52.64,52.65
2017-04-13 09:49:01,52.64,52.65
2017-04-13 09:49:02,52.64,52.65
2017-04-13 09:49:03,52.64,52.65
2017-04-13 09:49:04,52.64,52.65
2017-04-13 09:49:05,52.64,52.65
2017-04-13 09:49:06,52.64,52.65
2017-04-13 09:49:07,52.64,52.65
2017-04-13 09:49:08,52.63,52.64
2017-04-13 09:49:09,52.63,52.64
2017-04-13 09:49:10,52.63,52.64
2017-04-13 09:49:11,52.63,52.64
2017-04-13 09:49:12,52.63,52.64
2017-04-13 09:49:13,52.63,52.64
2017-04-13 09:49:14,52.63,52.64
2017-04-13 09:49:15,52.63,52.64
2017-04-13 09:49:16,52.63,52.64
2017-04-13 09:49:17,52.63,52.64
2017-04-13 09:49:18,52.63,52.64
2017-04-13 09:49:19,52.63,52.64
2017-04-13 09:49:20,52.63,52.64
2017-04-13 09:49:21,52.63,52.64
2017-04-13 09:49:22,52.63,52.64
2017-04-13 09:49:23,52.63,52.64
2017-04-13 09:49:24,52.63,52.64
2017-04-13 09:49:25,52.63,52.64
2017-04-13 09:49:26,52.63,52.64
2017-04-13 09:49:27,52.63,52.64
2017-04-13 09:49:28,52.63,52.64
2017-04-13 09:49:29,52.63,52.64
2017-04-13 09:49:30,52.63,52.64
2017-04-13 09:49:31,52.63,52.64
2017-04-13 09:49:32,52.63,52.64
2017-04-13 09:49:33,52.63,52.64
2017-04-13 09:49:34,52.63,52.64
2017-04-13 09:49:35,52.63,52.64
2017-04-13 09:49:36,52.63,52.64
2017-04-13 09:49:37,52.63,52.64
2017-04-13 09:49:38,52.63,52.64
2017-04-13 09:49:39,52.63,52.64
2017-04-13 09:49:40,52.63,52.64
2017-04-13 09:49:41,52.63,52.64
2017-04-13 09:49:42,52.63,52.64
2017-04-13 09:49:43,52.63,52.64
2017-04-13 09:49:44,52.63,52.64
2017-04-13 09:49:45,52.63,52.64
2017-04-13 09:49:46,52.63,52.64
2017-04-13 09:49:47,52.63,52.64
2017-04-13 09:49:48,52.63,52.64
2017-04-13 09:49:49,52.63,52.64
2017-04-13 09:49:50,52.63,52.64
2017-04-13 09:49:51,52.64,52.65
2017-04-13 09:49:52,52.64,52.65
2017-04-13 09:49:53,52.64,52.65
2017-04-13 09:49:54,52.64,52.65
2017-04-13 09:49:55,52.64,52.65
2017-04-13 09:49:56,52.64,52.65
2017-04-13 09:49:57,52.64,52.65
2017-04-13 09:49:58,52.64,52.65
2017-04-13 09:49:59,52.64,52.65
2017-04-13 09:50:00,52.64,52.65
2017-04-13 09:50:01,52.64,52.65
2017-04-13 09:50:02,52.64,52.65
2017-04-13 09:50:03,52.64,52.65
2017-04-13 09:50:04,52.64,52.65
2017-04-13 09:50:05,52.64,52.65
2017-04-13 09:50:06,52.63,52.64
2017-04-13 09:50:07,52.63,52.64
2017-04-13 09:50:08,52.62,52.63
2017-04-13 09:50:09,52.62,52.63
2017-04-13 09:50:10,52.62,52.63
2017-04-13 09:50:11,52.62,52.63
2017-04-13 09:50:12,52.63,52.64
2017-04-13 09:50:13,52.63,52.64
2017-04-13 09:50:14,52.63,52.64
2017-04-13 09:50:15,52.63,52.64
2017-04-13 09:50:16,52.63,52.64
2017-04-13 09:50:17,52.63,52.64
2017-04-13 09:50:18,52.63,52.64
2017-04-13 09:50:19,52.63,52.64
2017-04-13 09:50:20,52.63,52.64
2017-04-13 09:50:21,52.63,52.64
2017-04-13 09:50:22,52.63,52.64
2017-04-13 09:50:23,52.63,52.64
2017-04-13 09:50:24,52.63,52.64
2017-04-13 09:50:25,52.63,52.64
2017-04-13 09:50:26,52.63,52.64
2017-04-13 09:50:27,52.63,52.64
2017-04-13 09:50:28,52.63,52.64
2017-04-13 09:50:29,52.63,52.64
2017-04-13 09:50:30,52.63,52.64
2017-04-13 09:50:31,52.63,52.64
2017-04-13 09:50:32,52.63,52.64
2017-04-13 09:50:33,52.63,52.64
2017-04-13 09:50:34,52.63,52.64
2017-04-13 09:50:35,52.63,52.64
2017-04-13 09:50:36,52.63,52.64
2017-04-13 09:50:37,52.63,52.64
2017-04-13 09:50:38,52.63,52.64
2017-04-13 09:50:39,52.63,52.64
2017-04-13 09:50:40,52.63,52.64
2017-04-13 09:50:41,52.63,52.64
2017-04-13 09:50:42,52.63,52.64
2017-04-13 09:50:43,52.63,52.64
2017-04-13 09:50:44,52.63,52.64
2017-04-13 09:50:45,52.63,52.64
2017-04-13 09:50:46,52.63,52.64
2017-04-13 09:50:47,52.63,52.64
2017-04-13 09:50:48,52.63,52.64
2017-04-13 09:50:49,52.63,52.64
2017-04-13 09:50:50,52.63,52.64
2017-04-13 09:50:51,52.63,52.64
2017-04-13 09:50:52,52.63,52.64
2017-04-13 09:50:53,52.63,52.64
2017-04-13 09:50:54,52.63,52.64
2017-04-13 09:50:55,52.63,52.64
2017-04-13 09:50:56,52.64,52.65
2017-04-13 09:50:57,52.64,52.65
2017-04-13 09:50:58,52.64,52.65
2017-04-13 09:50:59,52.64,52.65
2017-04-13 09:51:00,52.64,52.66
2017-04-13 09:51:01,52.65,52.66
2017-04-13 09:51:02,52.65,52.66
2017-04-13 09:51:03,52.65,52.66
2017-04-13 09:51:04,52.65,52.66
2017-04-13 09:51:05,52.66,52.67
2017-04-13 09:51:06,52.66,52.67
2017-04-13 09:51:07,52.66,52.67
2017-04-13 09:51:08,52.66,52.67
2017-04-13 09:51:09,52.66,52.67
2017-04-13 09:51:10,52.66,52.67
2017-04-13 09:51:11,52.67,52.68
2017-04-13 09:51:12,52.67,52.68
2017-04-13 09:51:13,52.67,52.68
2017-04-13 09:51:14,52.69,52.7
2017-04-13 09:51:15,52.69,52.7
2017-04-13 09:51:16,52.69,52.7
2017-04-13 09:51:17,52.69,52.7
2017-04-13 09:51:18,52.69,52.7
2017-04-13 09:51:19,52.69,52.7
2017-04-13 09:51:20,52.69,52.7
2017-04-13 09:51:21,52.69,52.7
2017-04-13 09:51:22,52.7,52.71
2017-04-13 09:51:23,52.69,52.7
2017-04-13 09:51:24,52.69,52.7
2017-04-13 09:51:25,52.69,52.7
2017-04-13 09:51:26,52.7,52.71
2017-04-13 09:51:27,52.7,52.71
2017-04-13 09:51:28,52.7,52.71
2017-04-13 09:51:29,52.71,52.72
2017-04-13 09:51:30,52.71,52.72
2017-04-13 09:51:31,52.71,52.72
2017-04-13 09:51:32,52.71,52.72
2017-04-13 09:51:33,52.71,52.72
2017-04-13 09:51:34,52.71,52.72
2017-04-13 09:51:35,52.7,52.71
2017-04-13 09:51:36,52.7,52.71
2017-04-13 09:51:37,52.7,52.71
2017-04-13 09:51:38,52.7,52.71
2017-04-13 09:51:39,52.7,52.71
2017-04-13 09:51:40,52.7,52.71
2017-04-13 09:51:41,52.69,52.7
2017-04-13 09:51:42,52.69,52.7
2017-04-13 09:51:43,52.69,52.7
2017-04-13 09:51:44,52.69,52.7
2017-04-13 09:51:45,52.69,52.7
2017-04-13 09:51:46,52.69,52.7
2017-04-13 09:51:47,52.69,52.7
2017-04-13 09:51:48,52.69,52.7
2017-04-13 09:51:49,52.69,52.71
2017-04-13 09:51:50,52.69,52.71
2017-04-13 09:51:51,52.69,52.71
2017-04-13 09:51:52,52.69,52.7
2017-04-13 09:51:53,52.69,52.7
2017-04-13 09:51:54,52.69,52.7
2017-04-13 09:51:55,52.69,52.7
2017-04-13 09:51:56,52.69,52.7
2017-04-13 09:51:57,52.7,52.71
2017-04-13 09:51:58,52.7,52.71
2017-04-13 09:51:59,52.69,52.7
2017-04-13 09:52:00,52.7,52.71
2017-04-13 09:52:01,52.7,52.71
2017-04-13 09:52:02,52.7,52.71
2017-04-13 09:52:03,52.7,52.71
2017-04-13 09:52:04,52.7,52.71
2017-04-13 09:52:05,52.7,52.71
2017-04-13 09:52:06,52.7,52.71
2017-04-13 09:52:07,52.7,52.71
2017-04-13 09:52:08,52.69,52.7
2017-04-13 09:52:09,52.69,52.7
2017-04-13 09:52:10,52.69,52.7
2017-04-13 09:52:11,52.69,52.7
2017-04-13 09:52:12,52.7,52.71
2017-04-13 09:52:13,52.7,52.71
2017-04-13 09:52:14,52.71,52.72
2017-04-13 09:52:15,52.71,52.72
2017-04-13 09:52:16,52.71,52.72
2017-04-13 09:52:17,52.71,52.72
2017-04-13 09:52:18,52.71,52.72
2017-04-13 09:52:19,52.71,52.72
2017-04-13 09:52:20,52.71,52.72
2017-04-13 09:52:21,52.72,52.73
2017-04-13 09:52:22,52.72,52.73
2017-04-13 09:52:23,52.72,52.73
2017-04-13 09:52:24,52.73,52.74
2017-04-13 09:52:25,52.73,52.74
2017-04-13 09:52:26,52.73,52.74
2017-04-13 09:52:27,52.73,52.74
2017-04-13 09:52:28,52.73,52.74
2017-04-13 09:52:29,52.73,52.74
2017-04-13 09:52:30,52.72,52.73
2017-04-13 09:52:31,52.72,52.73
2017-04-13 09:52:32,52.72,52.73
2017-04-13 09:52:33,52.72,52.73
2017-04-13 09:52:34,52.72,52.73
2017-04-13 09:52:35,52.72,52.73
2017-04-13 09:52:36,52.72,52.73
2017-04-13 09:52:37,52.72,52.73
2017-04-13 09:52:38,52.72,52.73
2017-04-13 09:52:39,52.72,52.73
2017-04-13 09:52:40,52.72,52.73
2017-04-13 09:52:41,52.73,52.74
2017-04-13 09:52:42,52.73,52.74
2017-04-13 09:52:43,52.73,52.74
2017-04-13 09:52:44,52.73,52.74
2017-04-13 09:52:45,52.73,52.74
2017-04-13 09:52:46,52.73,52.74
2017-04-13 09:52:47,52.73,52.74
2017-04-13 09:52:48,52.73,52.74
2017-04-13 09:52:49,52.73,52.74
2017-04-13 09:52:50,52.73,52.74
2017-04-13 09:52:51,52.73,52.74
2017-04-13 09:52:52,52.73,52.74
2017-04-13 09:52:53,52.73,52.74
2017-04-13 09:52:54,52.73,52.74
2017-04-13 09:52:55,52.73,52.74
2017-04-13 09:52:56,52.74,52.75
2017-04-13 09:52:57,52.75,52.76
2017-04-13 09:52:58,52.74,52.75
2017-04-13 09:52:59,52.75,52.76
2017-04-13 09:53:00,52.75,52.76
2017-04-13 09:53:01,52.75,52.76
2017-04-13 09:53:02,52.75,52.76
2017-04-13 09:53:03,52.75,52.76
2017-04-13 09:53:04,52.75,52.76
2017-04-13 09:53:05,52.75,52.76
2017-04-13 09:53:06,52.74,52.75
2017-04-13 09:53:07,52.73,52.74
2017-04-13 09:53:08,52.73,52.74
2017-04-13 09:53:09,52.72,52.73
2017-04-13 09:53:10,52.74,52.75
2017-04-13 09:53:11,52.74,52.75
2017-04-13 09:53:12,52.74,52.75
2017-04-13 09:53:13,52.74,52.75
2017-04-13 09:53:14,52.74,52.75
2017-04-13 09:53:15,52.74,52.75
2017-04-13 09:53:16,52.73,52.74
2017-04-13 09:53:17,52.73,52.74
2017-04-13 09:53:18,52.73,52.74
2017-04-13 09:53:19,52.73,52.74
2017-04-13 09:53:20,52.73,52.74
2017-04-13 09:53:21,52.73,52.74
2017-04-13 09:53:22,52.73,52.74
2017-04-13 09:53:23,52.73,52.74
2017-04-13 09:53:24,52.73,52.74
2017-04-13 09:53:25,52.72,52.73
2017-04-13 09:53:26,52.72,52.73
2017-04-13 09:53:27,52.72,52.73
2017-04-13 09:53:28,52.72,52.73
2017-04-13 09:53:29,52.72,52.73
2017-04-13 09:53:30,52.72,52.73
2017-04-13 09:53:31,52.72,52.73
2017-04-13 09:53:32,52.72,52.73
2017-04-13 09:53:33,52.72,52.73
2017-04-13 09:53:34,52.72,52.73
2017-04-13 09:53:35,52.72,52.73
2017-04-13 09:53:36,52.71,52.72
2017-04-13 09:53:37,52.71,52.72
2017-04-13 09:53:38,52.71,52.72
2017-04-13 09:53:39,52.71,52.72
2017-04-13 09:53:40,52.71,52.72
2017-04-13 09:53:41,52.71,52.72
2017-04-13 09:53:42,52.71,52.72
2017-04-13 09:53:43,52.71,52.72
2017-04-13 09:53:44,52.71,52.72
2017-04-13 09:53:45,52.71,52.72
2017-04-13 09:53:46,52.71,52.72
2017-04-13 09:53:47,52.71,52.72
2017-04-13 09:53:48,52.71,52.72
2017-04-13 09:53:49,52.71,52.72
2017-04-13 09:53:50,52.71,52.72
2017-04-13 09:53:51,52.71,52.72
2017-04-13 09:53:52,52.71,52.72
2017-04-13 09:53:53,52.71,52.72
2017-04-13 09:53:54,52.71,52.72
2017-04-13 09:53:55,52.71,52.72
2017-04-13 09:53:56,52.71,52.72
2017-04-13 09:53:57,52.71,52.72
2017-04-13 09:53:58,52.71,52.72
2017-04-13 09:53:59,52.71,52.72
2017-04-13 09:54:00,52.71,52.72
2017-04-13 09:54:01,52.71,52.72
2017-04-13 09:54:02,52.71,52.72
2017-04-13 09:54:03,52.71,52.72
2017-04-13 09:54:04,52.71,52.72
2017-04-13 09:54:05,52.71,52.72
2017-04-13 09:54:06,52.71,52.72
2017-04-13 09:54:07,52.71,52.72
2017-04-13 09:54:08,52.71,52.72
2017-04-13 09:54:09,52.71,52.72
2017-04-13 09:54:10,52.71,52.72
2017-04-13 09:54:11,52.71,52.72
2017-04-13 09:54:12,52.71,52.72
2017-04-13 09:54:13,52.71,52.72
2017-04-13 09:54:14,52.71,52.72
2017-04-13 09:54:15,52.7,52.71
2017-04-13 09:54:16,52.7,52.71
2017-04-13 09:54:17,52.7,52.71
2017-04-13 09:54:18,52.7,52.71
2017-04-13 09:54:19,52.7,52.71
2017-04-13 09:54:20,52.7,52.71
2017-04-13 09:54:21,52.7,52.71
2017-04-13 09:54:22,52.7,52.71
2017-04-13 09:54:23,52.7,52.71
2017-04-13 09:54:24,52.7,52.71
2017-04-13 09:54:25,52.71,52.72
2017-04-13 09:54:26,52.71,52.72
2017-04-13 09:54:27,52.71,52.72
2017-04-13 09:54:28,52.71,52.72
2017-04-13 09:54:29,52.71,52.72
2017-04-13 09:54:30,52.71,52.72
2017-04-13 09:54:31,52.71,52.72
2017-04-13 09:54:32,52.71,52.72
2017-04-13 09:54:33,52.71,52.72
2017-04-13 09:54:34,52.71,52.72
2017-04-13 09:54:35,52.71,52.72
2017-04-13 09:54:36,52.71,52.72
2017-04-13 09:54:37,52.71,52.72
2017-04-13 09:54:38,52.71,52.72
2017-04-13 09:54:39,52.71,52.72
2017-04-13 09:54:40,52.71,52.72
2017-04-13 09:54:41,52.71,52.72
2017-04-13 09:54:42,52.71,52.72
2017-04-13 09:54:43,52.71,52.72
2017-04-13 09:54:44,52.71,52.72
2017-04-13 09:54:45,52.71,52.72
2017-04-13 09:54:46,52.71,52.72
2017-04-13 09:54:47,52.71,52.72
2017-04-13 09:54:48,52.71,52.72
2017-04-13 09:54:49,52.71,52.72
2017-04-13 09:54:50,52.71,52.72
2017-04-13 09:54:51,52.71,52.72
2017-04-13 09:54:52,52.71,52.72
2017-04-13 09:54:53,52.71,52.72
2017-04-13 09:54:54,52.71,52.72
2017-04-13 09:54:55,52.71,52.72
2017-04-13 09:54:56,52.71,52.72
2017-04-13 09:54:57,52.71,52.72
2017-04-13 09:54:58,52.71,52.72
2017-04-13 09:54:59,52.71,52.72
2017-04-13 09:55:00,52.71,52.72
2017-04-13 09:55:01,52.71,52.72
2017-04-13 09:55:02,52.71,52.72
2017-04-13 09:55:03,52.71,52.72
2017-04-13 09:55:04,52.71,52.72
2017-04-13 09:55:05,52.71,52.72
2017-04-13 09:55:06,52.72,52.73
2017-04-13 09:55:07,52.72,52.73
2017-04-13 09:55:08,52.72,52.73
2017-04-13 09:55:09,52.72,52.73
2017-04-13 09:55:10,52.72,52.73
2017-04-13 09:55:11,52.72,52.73
2017-04-13 09:55:12,52.71,52.72
2017-04-13 09:55:13,52.72,52.73
2017-04-13 09:55:14,52.72,52.73
2017-04-13 09:55:15,52.72,52.73
2017-04-13 09:55:16,52.72,52.73
2017-04-13 09:55:17,52.72,52.73
2017-04-13 09:55:18,52.72,52.73
2017-04-13 09:55:19,52.72,52.73
2017-04-13 09:55:20,52.72,52.73
2017-04-13 09:55:21,52.72,52.73
2017-04-13 09:55:22,52.72,52.73
2017-04-13 09:55:23,52.72,52.73
2017-04-13 09:55:24,52.71,52.72
2017-04-13 09:55:25,52.71,52.72
2017-04-13 09:55:26,52.71,52.72
2017-04-13 09:55:27,52.71,52.72
2017-04-13 09:55:28,52.71,52.72
2017-04-13 09:55:29,52.71,52.72
2017-04-13 09:55:30,52.71,52.72
2017-04-13 09:55:31,52.71,52.72
2017-04-13 09:55:32,52.71,52.72
2017-04-13 09:55:33,52.71,52.72
2017-04-13 09:55:34,52.71,52.72
2017-04-13 09:55:35,52.71,52.72
2017-04-13 09:55:36,52.72,52.73
2017-04-13 09:55:37,52.72,52.73
2017-04-13 09:55:38,52.72,52.73
2017-04-13 09:55:39,52.72,52.73
2017-04-13 09:55:40,52.72,52.73
2017-04-13 09:55:41,52.72,52.73
2017-04-13 09:55:42,52.72,52.73
2017-04-13 09:55:43,52.72,52.73
2017-04-13 09:55:44,52.73,52.74
2017-04-13 09:55:45,52.73,52.74
2017-04-13 09:55:46,52.73,52.74
2017-04-13 09:55:47,52.72,52.73
2017-04-13 09:55:48,52.72,52.73
2017-04-13 09:55:49,52.72,52.73
2017-04-13 09:55:50,52.72,52.73
2017-04-13 09:55:51,52.72,52.73
2017-04-13 09:55:52,52.72,52.73
2017-04-13 09:55:53,52.72,52.73
2017-04-13 09:55:54,52.72,52.73
2017-04-13 09:55:55,52.71,52.72
2017-04-13 09:55:56,52.71,52.72
2017-04-13 09:55:57,52.71,52.72
2017-04-13 09:55:58,52.71,52.72
2017-04-13 09:55:59,52.71,52.72
2017-04-13 09:56:00,52.71,52.72
2017-04-13 09:56:01,52.71,52.72
2017-04-13 09:56:02,52.71,52.72
2017-04-13 09:56:03,52.71,52.72
2017-04-13 09:56:04,52.71,52.72
2017-04-13 09:56:05,52.71,52.72
2017-04-13 09:56:06,52.71,52.72
2017-04-13 09:56:07,52.71,52.72
2017-04-13 09:56:08,52.71,52.72
2017-04-13 09:56:09,52.71,52.72
2017-04-13 09:56:10,52.71,52.72
2017-04-13 09:56:11,52.71,52.72
2017-04-13 09:56:12,52.71,52.72
2017-04-13 09:56:13,52.71,52.72
2017-04-13 09:56:14,52.71,52.72
2017-04-13 09:56:15,52.71,52.72
2017-04-13 09:56:16,52.71,52.72
2017-04-13 09:56:17,52.71,52.72
2017-04-13 09:56:18,52.71,52.72
2017-04-13 09:56:19,52.71,52.72
2017-04-13 09:56:20,52.71,52.72
2017-04-13 09:56:21,52.71,52.72
2017-04-13 09:56:22,52.71,52.72
2017-04-13 09:56:23,52.71,52.72
2017-04-13 09:56:24,52.71,52.72
2017-04-13 09:56:25,52.71,52.72
2017-04-13 09:56:26,52.71,52.72
2017-04-13 09:56:27,52.71,52.72
2017-04-13 09:56:28,52.71,52.72
2017-04-13 09:56:29,52.71,52.72
2017-04-13 09:56:30,52.71,52.72
2017-04-13 09:56:31,52.71,52.72
2017-04-13 09:56:32,52.71,52.72
2017-04-13 09:56:33,52.71,52.72
2017-04-13 09:56:34,52.71,52.72
2017-04-13 09:56:35,52.71,52.72
2017-04-13 09:56:36,52.71,52.72
2017-04-13 09:56:37,52.71,52.72
2017-04-13 09:56:38,52.71,52.72
2017-04-13 09:56:39,52.71,52.72
2017-04-13 09:56:40,52.71,52.72
2017-04-13 09:56:41,52.71,52.72
2017-04-13 09:56:42,52.71,52.72
2017-04-13 09:56:43,52.71,52.72
2017-04-13 09:56:44,52.71,52.72
2017-04-13 09:56:45,52.71,52.72
2017-04-13 09:56:46,52.71,52.72
2017-04-13 09:56:47,52.71,52.72
2017-04-13 09:56:48,52.71,52.72
2017-04-13 09:56:49,52.71,52.72
2017-04-13 09:56:50,52.72,52.73
2017-04-13 09:56:51,52.72,52.73
2017-04-13 09:56:52,52.72,52.73
2017-04-13 09:56:53,52.72,52.73
2017-04-13 09:56:54,52.72,52.73
2017-04-13 09:56:55,52.72,52.73
2017-04-13 09:56:56,52.72,52.73
2017-04-13 09:56:57,52.72,52.73
2017-04-13 09:56:58,52.72,52.73
2017-04-13 09:56:59,52.72,52.73
2017-04-13 09:57:00,52.71,52.72
2017-04-13 09:57:01,52.71,52.72
2017-04-13 09:57:02,52.71,52.72
2017-04-13 09:57:03,52.71,52.72
2017-04-13 09:57:04,52.71,52.72
2017-04-13 09:57:05,52.71,52.72
2017-04-13 09:57:06,52.71,52.72
2017-04-13 09:57:07,52.71,52.72
2017-04-13 09:57:08,52.71,52.72
2017-04-13 09:57:09,52.71,52.72
2017-04-13 09:57:10,52.72,52.73
2017-04-13 09:57:11,52.72,52.73
2017-04-13 09:57:12,52.72,52.73
2017-04-13 09:57:13,52.72,52.73
2017-04-13 09:57:14,52.72,52.73
2017-04-13 09:57:15,52.72,52.73
2017-04-13 09:57:16,52.72,52.73
2017-04-13 09:57:17,52.72,52.73
2017-04-13 09:57:18,52.72,52.73
2017-04-13 09:57:19,52.72,52.73
2017-04-13 09:57:20,52.72,52.73
2017-04-13 09:57:21,52.72,52.73
2017-04-13 09:57:22,52.72,52.73
2017-04-13 09:57:23,52.72,52.73
2017-04-13 09:57:24,52.72,52.73
2017-04-13 09:57:25,52.72,52.73
2017-04-13 09:57:26,52.72,52.73
2017-04-13 09:57:27,52.72,52.73
2017-04-13 09:57:28,52.72,52.73
2017-04-13 09:57:29,52.72,52.73
2017-04-13 09:57:30,52.72,52.73
2017-04-13 09:57:31,52.72,52.73
2017-04-13 09:57:32,52.72,52.73
2017-04-13 09:57:33,52.72,52.73
2017-04-13 09:57:34,52.72,52.73
2017-04-13 09:57:35,52.72,52.73
2017-04-13 09:57:36,52.72,52.73
2017-04-13 09:57:37,52.73,52.74
2017-04-13 09:57:38,52.72,52.74
2017-04-13 09:57:39,52.72,52.74
2017-04-13 09:57:40,52.72,52.74
2017-04-13 09:57:41,52.72,52.74
2017-04-13 09:57:42,52.72,52.74
2017-04-13 09:57:43,52.73,52.74
2017-04-13 09:57:44,52.73,52.74
2017-04-13 09:57:45,52.73,52.74
2017-04-13 09:57:46,52.73,52.74
2017-04-13 09:57:47,52.73,52.74
2017-04-13 09:57:48,52.73,52.74
2017-04-13 09:57:49,52.74,52.75
2017-04-13 09:57:50,52.74,52.75
2017-04-13 09:57:51,52.74,52.75
2017-04-13 09:57:52,52.74,52.75
2017-04-13 09:57:53,52.74,52.75
2017-04-13 09:57:54,52.73,52.74
2017-04-13 09:57:55,52.73,52.74
2017-04-13 09:57:56,52.73,52.74
2017-04-13 09:57:57,52.73,52.74
2017-04-13 09:57:58,52.73,52.74
2017-04-13 09:57:59,52.73,52.74
2017-04-13 09:58:00,52.73,52.74
2017-04-13 09:58:01,52.73,52.74
2017-04-13 09:58:02,52.73,52.74
2017-04-13 09:58:03,52.73,52.74
2017-04-13 09:58:04,52.73,52.74
2017-04-13 09:58:05,52.73,52.74
2017-04-13 09:58:06,52.74,52.75
2017-04-13 09:58:07,52.74,52.75
2017-04-13 09:58:08,52.74,52.75
2017-04-13 09:58:09,52.74,52.75
2017-04-13 09:58:10,52.74,52.75
2017-04-13 09:58:11,52.74,52.75
2017-04-13 09:58:12,52.74,52.75
2017-04-13 09:58:13,52.74,52.75
2017-04-13 09:58:14,52.74,52.75
2017-04-13 09:58:15,52.74,52.75
2017-04-13 09:58:16,52.74,52.75
2017-04-13 09:58:17,52.74,52.75
2017-04-13 09:58:18,52.74,52.75
2017-04-13 09:58:19,52.74,52.75
2017-04-13 09:58:20,52.74,52.75
2017-04-13 09:58:21,52.74,52.75
2017-04-13 09:58:22,52.74,52.75
2017-04-13 09:58:23,52.74,52.75
2017-04-13 09:58:24,52.74,52.75
2017-04-13 09:58:25,52.74,52.75
2017-04-13 09:58:26,52.74,52.75
2017-04-13 09:58:27,52.74,52.75
2017-04-13 09:58:28,52.74,52.75
2017-04-13 09:58:29,52.74,52.75
2017-04-13 09:58:30,52.74,52.75
2017-04-13 09:58:31,52.74,52.75
2017-04-13 09:58:32,52.74,52.75
2017-04-13 09:58:33,52.74,52.75
2017-04-13 09:58:34,52.74,52.75
2017-04-13 09:58:35,52.74,52.75
2017-04-13 09:58:36,52.74,52.75
2017-04-13 09:58:37,52.74,52.75
2017-04-13 09:58:38,52.74,52.75
2017-04-13 09:58:39,52.74,52.75
2017-04-13 09:58:40,52.74,52.75
2017-04-13 09:58:41,52.74,52.75
2017-04-13 09:58:42,52.74,52.75
2017-04-13 09:58:43,52.74,52.75
2017-04-13 09:58:44,52.74,52.75
2017-04-13 09:58:45,52.74,52.75
2017-04-13 09:58:46,52.74,52.75
2017-04-13 09:58:47,52.74,52.75
2017-04-13 09:58:48,52.74,52.75
2017-04-13 09:58:49,52.74,52.75
2017-04-13 09:58:50,52.74,52.75
2017-04-13 09:58:51,52.74,52.75
2017-04-13 09:58:52,52.74,52.75
2017-04-13 09:58:53,52.74,52.75
2017-04-13 09:58:54,52.74,52.75
2017-04-13 09:58:55,52.74,52.75
2017-04-13 09:58:56,52.73,52.74
2017-04-13 09:58:57,52.73,52.74
2017-04-13 09:58:58,52.73,52.74
2017-04-13 09:58:59,52.73,52.74
2017-04-13 09:59:00,52.73,52.74
2017-04-13 09:59:01,52.73,52.74
2017-04-13 09:59:02,52.73,52.74
2017-04-13 09:59:03,52.73,52.74
2017-04-13 09:59:04,52.73,52.74
2017-04-13 09:59:05,52.73,52.74
2017-04-13 09:59:06,52.73,52.74
2017-04-13 09:59:07,52.73,52.74
2017-04-13 09:59:08,52.73,52.74
2017-04-13 09:59:09,52.73,52.74
2017-04-13 09:59:10,52.73,52.74
2017-04-13 09:59:11,52.73,52.74
2017-04-13 09:59:12,52.73,52.74
2017-04-13 09:59:13,52.73,52.74
2017-04-13 09:59:14,52.73,52.74
2017-04-13 09:59:15,52.72,52.73
2017-04-13 09:59:16,52.72,52.73
2017-04-13 09:59:17,52.72,52.73
2017-04-13 09:59:18,52.72,52.73
2017-04-13 09:59:19,52.72,52.73
2017-04-13 09:59:20,52.71,52.72
2017-04-13 09:59:21,52.71,52.72
2017-04-13 09:59:22,52.71,52.72
2017-04-13 09:59:23,52.71,52.72
2017-04-13 09:59:24,52.71,52.72
2017-04-13 09:59:25,52.71,52.72
2017-04-13 09:59:26,52.71,52.72
2017-04-13 09:59:27,52.71,52.72
2017-04-13 09:59:28,52.71,52.72
2017-04-13 09:59:29,52.7,52.71
2017-04-13 09:59:30,52.7,52.72
2017-04-13 09:59:31,52.7,52.72
2017-04-13 09:59:32,52.7,52.72
2017-04-13 09:59:33,52.7,52.71
2017-04-13 09:59:34,52.7,52.71
2017-04-13 09:59:35,52.7,52.72
2017-04-13 09:59:36,52.7,52.72
2017-04-13 09:59:37,52.7,52.72
2017-04-13 09:59:38,52.7,52.72
2017-04-13 09:59:39,52.7,52.71
2017-04-13 09:59:40,52.7,52.71
2017-04-13 09:59:41,52.7,52.71
2017-04-13 09:59:42,52.7,52.71
2017-04-13 09:59:43,52.7,52.71
2017-04-13 09:59:44,52.7,52.71
2017-04-13 09:59:45,52.7,52.71
2017-04-13 09:59:46,52.7,52.71
2017-04-13 09:59:47,52.7,52.71
2017-04-13 09:59:48,52.7,52.71
2017-04-13 09:59:49,52.7,52.71
2017-04-13 09:59:50,52.7,52.71
2017-04-13 09:59:51,52.7,52.71
2017-04-13 09:59:52,52.7,52.71
2017-04-13 09:59:53,52.7,52.71
2017-04-13 09:59:54,52.7,52.71
2017-04-13 09:59:55,52.7,52.71
2017-04-13 09:59:56,52.71,52.72
2017-04-13 09:59:57,52.71,52.72
2017-04-13 09:59:58,52.71,52.72
2017-04-13 09:59:59,52.7,52.72
2017-04-13 10:00:00,52.7,52.72
2017-04-13 10:00:01,52.71,52.72
2017-04-13 10:00:02,52.71,52.72
2017-04-13 10:00:03,52.71,52.72
2017-04-13 10:00:04,52.71,52.72
2017-04-13 10:00:05,52.71,52.72
2017-04-13 10:00:06,52.72,52.73
2017-04-13 10:00:07,52.72,52.73
2017-04-13 10:00:08,52.72,52.73
2017-04-13 10:00:09,52.72,52.73
2017-04-13 10:00:10,52.72,52.73
2017-04-13 10:00:11,52.72,52.73
2017-04-13 10:00:12,52.72,52.73
2017-04-13 10:00:13,52.72,52.73
2017-04-13 10:00:14,52.72,52.73
2017-04-13 10:00:15,52.72,52.73
2017-04-13 10:00:16,52.73,52.74
2017-04-13 10:00:17,52.73,52.74
2017-04-13 10:00:18,52.73,52.74
2017-04-13 10:00:19,52.73,52.74
2017-04-13 10:00:20,52.73,52.74
2017-04-13 10:00:21,52.73,52.74
2017-04-13 10:00:22,52.73,52.74
2017-04-13 10:00:23,52.73,52.74
2017-04-13 10:00:24,52.73,52.74
2017-04-13 10:00:25,52.73,52.74
2017-04-13 10:00:26,52.73,52.74
2017-04-13 10:00:27,52.73,52.74
2017-04-13 10:00:28,52.73,52.74
2017-04-13 10:00:29,52.73,52.74
2017-04-13 10:00:30,52.73,52.74
2017-04-13 10:00:31,52.74,52.75
2017-04-13 10:00:32,52.74,52.75
2017-04-13 10:00:33,52.74,52.75
2017-04-13 10:00:34,52.74,52.75
2017-04-13 10:00:35,52.74,52.75
2017-04-13 10:00:36,52.74,52.75
2017-04-13 10:00:37,52.73,52.74
2017-04-13 10:00:38,52.73,52.74
2017-04-13 10:00:39,52.73,52.74
2017-04-13 10:00:40,52.73,52.74
2017-04-13 10:00:41,52.73,52.74
2017-04-13 10:00:42,52.73,52.74
2017-04-13 10:00:43,52.73,52.74
2017-04-13 10:00:44,52.73,52.74
2017-04-13 10:00:45,52.73,52.74
2017-04-13 10:00:46,52.74,52.75
2017-04-13 10:00:47,52.74,52.75
2017-04-13 10:00:48,52.74,52.75
2017-04-13 10:00:49,52.74,52.75
2017-04-13 10:00:50,52.74,52.75
2017-04-13 10:00:51,52.73,52.75
2017-04-13 10:00:52,52.73,52.74
2017-04-13 10:00:53,52.73,52.74
2017-04-13 10:00:54,52.73,52.74
2017-04-13 10:00:55,52.73,52.74
2017-04-13 10:00:56,52.72,52.73
2017-04-13 10:00:57,52.72,52.73
2017-04-13 10:00:58,52.72,52.73
2017-04-13 10:00:59,52.72,52.73
2017-04-13 10:01:00,52.72,52.73
2017-04-13 10:01:01,52.73,52.74
2017-04-13 10:01:02,52.73,52.74
2017-04-13 10:01:03,52.73,52.74
2017-04-13 10:01:04,52.73,52.74
2017-04-13 10:01:05,52.73,52.74
2017-04-13 10:01:06,52.73,52.74
2017-04-13 10:01:07,52.73,52.74
2017-04-13 10:01:08,52.73,52.74
2017-04-13 10:01:09,52.73,52.74
2017-04-13 10:01:10,52.73,52.74
2017-04-13 10:01:11,52.72,52.73
2017-04-13 10:01:12,52.72,52.73
2017-04-13 10:01:13,52.72,52.73
2017-04-13 10:01:14,52.72,52.73
2017-04-13 10:01:15,52.72,52.73
2017-04-13 10:01:16,52.72,52.73
2017-04-13 10:01:17,52.72,52.73
2017-04-13 10:01:18,52.72,52.73
2017-04-13 10:01:19,52.72,52.73
2017-04-13 10:01:20,52.73,52.74
2017-04-13 10:01:21,52.73,52.74
2017-04-13 10:01:22,52.73,52.74
2017-04-13 10:01:23,52.73,52.74
2017-04-13 10:01:24,52.73,52.74
2017-04-13 10:01:25,52.73,52.74
2017-04-13 10:01:26,52.73,52.74
2017-04-13 10:01:27,52.73,52.74
2017-04-13 10:01:28,52.73,52.74
2017-04-13 10:01:29,52.73,52.74
2017-04-13 10:01:30,52.73,52.74
2017-04-13 10:01:31,52.74,52.75
2017-04-13 10:01:32,52.74,52.75
2017-04-13 10:01:33,52.74,52.75
2017-04-13 10:01:34,52.74,52.75
2017-04-13 10:01:35,52.74,52.75
2017-04-13 10:01:36,52.74,52.75
2017-04-13 10:01:37,52.74,52.75
2017-04-13 10:01:38,52.74,52.75
2017-04-13 10:01:39,52.73,52.74
2017-04-13 10:01:40,52.73,52.74
2017-04-13 10:01:41,52.73,52.74
2017-04-13 10:01:42,52.73,52.74
2017-04-13 10:01:43,52.73,52.74
2017-04-13 10:01:44,52.73,52.74
2017-04-13 10:01:45,52.73,52.74
2017-04-13 10:01:46,52.73,52.74
2017-04-13 10:01:47,52.73,52.74
2017-04-13 10:01:48,52.73,52.74
2017-04-13 10:01:49,52.73,52.74
2017-04-13 10:01:50,52.73,52.74
2017-04-13 10:01:51,52.74,52.75
2017-04-13 10:01:52,52.74,52.75
2017-04-13 10:01:53,52.74,52.75
2017-04-13 10:01:54,52.74,52.75
2017-04-13 10:01:55,52.74,52.75
2017-04-13 10:01:56,52.74,52.75
2017-04-13 10:01:57,52.74,52.75
2017-04-13 10:01:58,52.74,52.75
2017-04-13 10:01:59,52.74,52.75
2017-04-13 10:02:00,52.74,52.75
2017-04-13 10:02:01,52.74,52.75
2017-04-13 10:02:02,52.74,52.75
2017-04-13 10:02:03,52.76,52.77
2017-04-13 10:02:04,52.77,52.78
2017-04-13 10:02:05,52.77,52.78
2017-04-13 10:02:06,52.77,52.78
2017-04-13 10:02:07,52.77,52.78
2017-04-13 10:02:08,52.78,52.79
2017-04-13 10:02:09,52.79,52.8
2017-04-13 10:02:10,52.78,52.79
2017-04-13 10:02:11,52.79,52.8
2017-04-13 10:02:12,52.79,52.8
2017-04-13 10:02:13,52.79,52.8
2017-04-13 10:02:14,52.78,52.79
2017-04-13 10:02:15,52.78,52.79
2017-04-13 10:02:16,52.78,52.79
2017-04-13 10:02:17,52.79,52.8
2017-04-13 10:02:18,52.78,52.79
2017-04-13 10:02:19,52.78,52.79
2017-04-13 10:02:20,52.78,52.79
2017-04-13 10:02:21,52.78,52.79
2017-04-13 10:02:22,52.79,52.8
2017-04-13 10:02:23,52.79,52.8
2017-04-13 10:02:24,52.78,52.79
2017-04-13 10:02:25,52.77,52.78
2017-04-13 10:02:26,52.77,52.78
2017-04-13 10:02:27,52.77,52.78
2017-04-13 10:02:28,52.77,52.78
2017-04-13 10:02:29,52.77,52.78
2017-04-13 10:02:30,52.77,52.78
2017-04-13 10:02:31,52.77,52.78
2017-04-13 10:02:32,52.77,52.78
2017-04-13 10:02:33,52.78,52.79
2017-04-13 10:02:34,52.77,52.78
2017-04-13 10:02:35,52.77,52.78
2017-04-13 10:02:36,52.77,52.78
2017-04-13 10:02:37,52.77,52.78
2017-04-13 10:02:38,52.77,52.78
2017-04-13 10:02:39,52.77,52.78
2017-04-13 10:02:40,52.77,52.78
2017-04-13 10:02:41,52.77,52.78
2017-04-13 10:02:42,52.77,52.78
2017-04-13 10:02:43,52.77,52.78
2017-04-13 10:02:44,52.77,52.78
2017-04-13 10:02:45,52.77,52.78
2017-04-13 10:02:46,52.77,52.78
2017-04-13 10:02:47,52.77,52.78
2017-04-13 10:02:48,52.78,52.79
2017-04-13 10:02:49,52.77,52.79
2017-04-13 10:02:50,52.77,52.78
2017-04-13 10:02:51,52.77,52.78
2017-04-13 10:02:52,52.77,52.78
2017-04-13 10:02:53,52.77,52.78
2017-04-13 10:02:54,52.77,52.78
2017-04-13 10:02:55,52.77,52.78
2017-04-13 10:02:56,52.77,52.78
2017-04-13 10:02:57,52.77,52.78
2017-04-13 10:02:58,52.78,52.79
2017-04-13 10:02:59,52.78,52.79
2017-04-13 10:03:00,52.78,52.79
2017-04-13 10:03:01,52.77,52.78
2017-04-13 10:03:02,52.77,52.78
2017-04-13 10:03:03,52.77,52.78
2017-04-13 10:03:04,52.77,52.78
2017-04-13 10:03:05,52.77,52.78
2017-04-13 10:03:06,52.77,52.78
2017-04-13 10:03:07,52.77,52.78
2017-04-13 10:03:08,52.77,52.78
2017-04-13 10:03:09,52.77,52.78
2017-04-13 10:03:10,52.76,52.77
2017-04-13 10:03:11,52.76,52.77
2017-04-13 10:03:12,52.76,52.77
2017-04-13 10:03:13,52.76,52.77
2017-04-13 10:03:14,52.76,52.77
2017-04-13 10:03:15,52.76,52.77
2017-04-13 10:03:16,52.76,52.77
2017-04-13 10:03:17,52.76,52.77
2017-04-13 10:03:18,52.76,52.77
2017-04-13 10:03:19,52.76,52.77
2017-04-13 10:03:20,52.76,52.77
2017-04-13 10:03:21,52.76,52.77
2017-04-13 10:03:22,52.76,52.77
2017-04-13 10:03:23,52.76,52.77
2017-04-13 10:03:24,52.76,52.77
2017-04-13 10:03:25,52.76,52.77
2017-04-13 10:03:26,52.76,52.77
2017-04-13 10:03:27,52.76,52.77
2017-04-13 10:03:28,52.76,52.77
2017-04-13 10:03:29,52.76,52.77
2017-04-13 10:03:30,52.76,52.77
2017-04-13 10:03:31,52.76,52.77
2017-04-13 10:03:32,52.76,52.77
2017-04-13 10:03:33,52.76,52.77
2017-04-13 10:03:34,52.76,52.77
2017-04-13 10:03:35,52.76,52.77
2017-04-13 10:03:36,52.76,52.77
2017-04-13 10:03:37,52.76,52.77
2017-04-13 10:03:38,52.76,52.77
2017-04-13 10:03:39,52.76,52.77
2017-04-13 10:03:40,52.76,52.77
2017-04-13 10:03:41,52.76,52.77
2017-04-13 10:03:42,52.76,52.77
2017-04-13 10:03:43,52.76,52.77
2017-04-13 10:03:44,52.76,52.77
2017-04-13 10:03:45,52.76,52.77
2017-04-13 10:03:46,52.76,52.77
2017-04-13 10:03:47,52.76,52.77
2017-04-13 10:03:48,52.76,52.77
2017-04-13 10:03:49,52.76,52.77
2017-04-13 10:03:50,52.76,52.77
2017-04-13 10:03:51,52.75,52.76
2017-04-13 10:03:52,52.75,52.76
2017-04-13 10:03:53,52.75,52.76
2017-04-13 10:03:54,52.75,52.76
2017-04-13 10:03:55,52.75,52.76
2017-04-13 10:03:56,52.75,52.76
2017-04-13 10:03:57,52.75,52.76
2017-04-13 10:03:58,52.75,52.76
2017-04-13 10:03:59,52.75,52.76
2017-04-13 10:04:00,52.75,52.76
2017-04-13 10:04:01,52.75,52.76
2017-04-13 10:04:02,52.75,52.76
2017-04-13 10:04:03,52.75,52.76
2017-04-13 10:04:04,52.75,52.76
2017-04-13 10:04:05,52.75,52.76
2017-04-13 10:04:06,52.75,52.76
2017-04-13 10:04:07,52.75,52.76
2017-04-13 10:04:08,52.75,52.76
2017-04-13 10:04:09,52.74,52.75
2017-04-13 10:04:10,52.74,52.75
2017-04-13 10:04:11,52.74,52.75
2017-04-13 10:04:12,52.74,52.75
2017-04-13 10:04:13,52.74,52.75
2017-04-13 10:04:14,52.74,52.75
2017-04-13 10:04:15,52.74,52.75
2017-04-13 10:04:16,52.74,52.75
2017-04-13 10:04:17,52.74,52.76
2017-04-13 10:04:18,52.75,52.76
2017-04-13 10:04:19,52.75,52.76
2017-04-13 10:04:20,52.75,52.76
2017-04-13 10:04:21,52.75,52.76
2017-04-13 10:04:22,52.75,52.76
2017-04-13 10:04:23,52.75,52.76
2017-04-13 10:04:24,52.75,52.76
2017-04-13 10:04:25,52.75,52.76
2017-04-13 10:04:26,52.75,52.76
2017-04-13 10:04:27,52.75,52.76
2017-04-13 10:04:28,52.75,52.76
2017-04-13 10:04:29,52.75,52.76
2017-04-13 10:04:30,52.75,52.76
2017-04-13 10:04:31,52.75,52.76
2017-04-13 10:04:32,52.75,52.76
2017-04-13 10:04:33,52.75,52.76
2017-04-13 10:04:34,52.76,52.77
2017-04-13 10:04:35,52.76,52.77
2017-04-13 10:04:36,52.76,52.77
2017-04-13 10:04:37,52.76,52.77
2017-04-13 10:04:38,52.76,52.77
2017-04-13 10:04:39,52.76,52.77
2017-04-13 10:04:40,52.76,52.77
2017-04-13 10:04:41,52.76,52.77
2017-04-13 10:04:42,52.76,52.77
2017-04-13 10:04:43,52.76,52.77
2017-04-13 10:04:44,52.76,52.77
2017-04-13 10:04:45,52.76,52.77
2017-04-13 10:04:46,52.76,52.77
2017-04-13 10:04:47,52.76,52.77
2017-04-13 10:04:48,52.76,52.77
2017-04-13 10:04:49,52.76,52.77
2017-04-13 10:04:50,52.76,52.77
2017-04-13 10:04:51,52.76,52.77
2017-04-13 10:04:52,52.76,52.77
2017-04-13 10:04:53,52.77,52.78
2017-04-13 10:04:54,52.77,52.78
2017-04-13 10:04:55,52.77,52.78
2017-04-13 10:04:56,52.77,52.78
2017-04-13 10:04:57,52.77,52.78
2017-04-13 10:04:58,52.77,52.78
2017-04-13 10:04:59,52.77,52.78
2017-04-13 10:05:00,52.77,52.78
2017-04-13 10:05:01,52.77,52.78
2017-04-13 10:05:02,52.77,52.78
2017-04-13 10:05:03,52.77,52.78
2017-04-13 10:05:04,52.77,52.78
2017-04-13 10:05:05,52.77,52.78
2017-04-13 10:05:06,52.77,52.78
2017-04-13 10:05:07,52.77,52.78
2017-04-13 10:05:08,52.77,52.78
2017-04-13 10:05:09,52.77,52.78
2017-04-13 10:05:10,52.77,52.78
2017-04-13 10:05:11,52.76,52.77
2017-04-13 10:05:12,52.76,52.77
2017-04-13 10:05:13,52.76,52.77
2017-04-13 10:05:14,52.76,52.77
2017-04-13 10:05:15,52.76,52.77
2017-04-13 10:05:16,52.76,52.77
2017-04-13 10:05:17,52.76,52.77
2017-04-13 10:05:18,52.75,52.76
2017-04-13 10:05:19,52.75,52.76
2017-04-13 10:05:20,52.75,52.76
2017-04-13 10:05:21,52.75,52.77
2017-04-13 10:05:22,52.75,52.76
2017-04-13 10:05:23,52.75,52.76
2017-04-13 10:05:24,52.75,52.77
2017-04-13 10:05:25,52.76,52.77
2017-04-13 10:05:26,52.76,52.77
2017-04-13 10:05:27,52.76,52.77
2017-04-13 10:05:28,52.76,52.77
2017-04-13 10:05:29,52.76,52.77
2017-04-13 10:05:30,52.76,52.77
2017-04-13 10:05:31,52.76,52.77
2017-04-13 10:05:32,52.76,52.77
2017-04-13 10:05:33,52.76,52.77
2017-04-13 10:05:34,52.76,52.77
2017-04-13 10:05:35,52.76,52.77
2017-04-13 10:05:36,52.76,52.77
2017-04-13 10:05:37,52.76,52.77
2017-04-13 10:05:38,52.76,52.77
2017-04-13 10:05:39,52.76,52.77
2017-04-13 10:05:40,52.76,52.77
2017-04-13 10:05:41,52.76,52.77
2017-04-13 10:05:42,52.76,52.77
2017-04-13 10:05:43,52.76,52.77
2017-04-13 10:05:44,52.76,52.77
2017-04-13 10:05:45,52.76,52.77
2017-04-13 10:05:46,52.76,52.77
2017-04-13 10:05:47,52.76,52.77
2017-04-13 10:05:48,52.76,52.77
2017-04-13 10:05:49,52.76,52.77
2017-04-13 10:05:50,52.76,52.77
2017-04-13 10:05:51,52.76,52.77
2017-04-13 10:05:52,52.76,52.77
2017-04-13 10:05:53,52.76,52.77
2017-04-13 10:05:54,52.76,52.77
2017-04-13 10:05:55,52.76,52.77
2017-04-13 10:05:56,52.77,52.78
2017-04-13 10:05:57,52.77,52.78
2017-04-13 10:05:58,52.77,52.78
2017-04-13 10:05:59,52.77,52.78
2017-04-13 10:06:00,52.77,52.78
2017-04-13 10:06:01,52.77,52.78
2017-04-13 10:06:02,52.77,52.78
2017-04-13 10:06:03,52.77,52.78
2017-04-13 10:06:04,52.77,52.78
2017-04-13 10:06:05,52.77,52.78
2017-04-13 10:06:06,52.77,52.78
2017-04-13 10:06:07,52.77,52.78
2017-04-13 10:06:08,52.77,52.78
2017-04-13 10:06:09,52.77,52.78
2017-04-13 10:06:10,52.77,52.78
2017-04-13 10:06:11,52.77,52.78
2017-04-13 10:06:12,52.77,52.78
2017-04-13 10:06:13,52.77,52.78
2017-04-13 10:06:14,52.77,52.78
2017-04-13 10:06:15,52.77,52.78
2017-04-13 10:06:16,52.77,52.78
2017-04-13 10:06:17,52.77,52.78
2017-04-13 10:06:18,52.77,52.78
2017-04-13 10:06:19,52.77,52.78
2017-04-13 10:06:20,52.77,52.78
2017-04-13 10:06:21,52.76,52.77
2017-04-13 10:06:22,52.76,52.77
2017-04-13 10:06:23,52.77,52.78
2017-04-13 10:06:24,52.76,52.77
2017-04-13 10:06:25,52.76,52.78
2017-04-13 10:06:26,52.76,52.77
2017-04-13 10:06:27,52.76,52.77
2017-04-13 10:06:28,52.76,52.77
2017-04-13 10:06:29,52.77,52.78
2017-04-13 10:06:30,52.77,52.78
2017-04-13 10:06:31,52.77,52.78
2017-04-13 10:06:32,52.77,52.78
2017-04-13 10:06:33,52.76,52.77
2017-04-13 10:06:34,52.76,52.77
2017-04-13 10:06:35,52.76,52.77
2017-04-13 10:06:36,52.76,52.77
2017-04-13 10:06:37,52.76,52.77
2017-04-13 10:06:38,52.76,52.77
2017-04-13 10:06:39,52.76,52.77
2017-04-13 10:06:40,52.76,52.77
2017-04-13 10:06:41,52.76,52.77
2017-04-13 10:06:42,52.76,52.77
2017-04-13 10:06:43,52.76,52.77
2017-04-13 10:06:44,52.76,52.77
2017-04-13 10:06:45,52.75,52.77
2017-04-13 10:06:46,52.76,52.77
2017-04-13 10:06:47,52.76,52.77
2017-04-13 10:06:48,52.76,52.77
2017-04-13 10:06:49,52.76,52.77
2017-04-13 10:06:50,52.76,52.77
2017-04-13 10:06:51,52.76,52.77
2017-04-13 10:06:52,52.76,52.77
2017-04-13 10:06:53,52.76,52.77
2017-04-13 10:06:54,52.76,52.77
2017-04-13 10:06:55,52.76,52.77
2017-04-13 10:06:56,52.76,52.77
2017-04-13 10:06:57,52.76,52.77
2017-04-13 10:06:58,52.76,52.77
2017-04-13 10:06:59,52.76,52.77
2017-04-13 10:07:00,52.76,52.77
2017-04-13 10:07:01,52.76,52.77
2017-04-13 10:07:02,52.76,52.77
2017-04-13 10:07:03,52.76,52.77
2017-04-13 10:07:04,52.76,52.77
2017-04-13 10:07:05,52.76,52.77
2017-04-13 10:07:06,52.76,52.77
2017-04-13 10:07:07,52.75,52.76
2017-04-13 10:07:08,52.75,52.76
2017-04-13 10:07:09,52.75,52.76
2017-04-13 10:07:10,52.75,52.76
2017-04-13 10:07:11,52.75,52.76
2017-04-13 10:07:12,52.75,52.76
2017-04-13 10:07:13,52.75,52.76
2017-04-13 10:07:14,52.75,52.76
2017-04-13 10:07:15,52.75,52.76
2017-04-13 10:07:16,52.74,52.75
2017-04-13 10:07:17,52.74,52.75
2017-04-13 10:07:18,52.74,52.75
2017-04-13 10:07:19,52.75,52.76
2017-04-13 10:07:20,52.75,52.76
2017-04-13 10:07:21,52.75,52.76
2017-04-13 10:07:22,52.75,52.76
2017-04-13 10:07:23,52.75,52.76
2017-04-13 10:07:24,52.75,52.76
2017-04-13 10:07:25,52.75,52.76
2017-04-13 10:07:26,52.75,52.76
2017-04-13 10:07:27,52.75,52.76
2017-04-13 10:07:28,52.75,52.76
2017-04-13 10:07:29,52.75,52.76
2017-04-13 10:07:30,52.75,52.76
2017-04-13 10:07:31,52.75,52.76
2017-04-13 10:07:32,52.75,52.76
2017-04-13 10:07:33,52.75,52.76
2017-04-13 10:07:34,52.75,52.76
2017-04-13 10:07:35,52.75,52.76
2017-04-13 10:07:36,52.75,52.76
2017-04-13 10:07:37,52.74,52.75
2017-04-13 10:07:38,52.74,52.75
2017-04-13 10:07:39,52.74,52.75
2017-04-13 10:07:40,52.74,52.75
2017-04-13 10:07:41,52.74,52.75
2017-04-13 10:07:42,52.74,52.75
2017-04-13 10:07:43,52.74,52.75
2017-04-13 10:07:44,52.74,52.75
2017-04-13 10:07:45,52.74,52.75
2017-04-13 10:07:46,52.74,52.75
2017-04-13 10:07:47,52.74,52.75
2017-04-13 10:07:48,52.74,52.75
2017-04-13 10:07:49,52.74,52.75
2017-04-13 10:07:50,52.74,52.75
2017-04-13 10:07:51,52.74,52.75
2017-04-13 10:07:52,52.74,52.75
2017-04-13 10:07:53,52.74,52.75
2017-04-13 10:07:54,52.74,52.75
2017-04-13 10:07:55,52.74,52.75
2017-04-13 10:07:56,52.74,52.75
2017-04-13 10:07:57,52.74,52.75
2017-04-13 10:07:58,52.74,52.75
2017-04-13 10:07:59,52.74,52.75
2017-04-13 10:08:00,52.74,52.75
2017-04-13 10:08:01,52.74,52.75
2017-04-13 10:08:02,52.73,52.74
2017-04-13 10:08:03,52.73,52.74
2017-04-13 10:08:04,52.73,52.74
2017-04-13 10:08:05,52.73,52.74
2017-04-13 10:08:06,52.73,52.74
2017-04-13 10:08:07,52.73,52.74
2017-04-13 10:08:08,52.73,52.74
2017-04-13 10:08:09,52.73,52.74
2017-04-13 10:08:10,52.73,52.74
2017-04-13 10:08:11,52.73,52.74
2017-04-13 10:08:12,52.74,52.75
2017-04-13 10:08:13,52.74,52.75
2017-04-13 10:08:14,52.74,52.75
2017-04-13 10:08:15,52.74,52.75
2017-04-13 10:08:16,52.73,52.75
2017-04-13 10:08:17,52.73,52.75
2017-04-13 10:08:18,52.73,52.75
2017-04-13 10:08:19,52.73,52.74
2017-04-13 10:08:20,52.74,52.75
2017-04-13 10:08:21,52.74,52.75
2017-04-13 10:08:22,52.74,52.75
2017-04-13 10:08:23,52.74,52.75
2017-04-13 10:08:24,52.74,52.75
2017-04-13 10:08:25,52.74,52.75
2017-04-13 10:08:26,52.74,52.75
2017-04-13 10:08:27,52.74,52.75
2017-04-13 10:08:28,52.74,52.75
2017-04-13 10:08:29,52.74,52.76
2017-04-13 10:08:30,52.75,52.76
2017-04-13 10:08:31,52.75,52.76
2017-04-13 10:08:32,52.75,52.76
2017-04-13 10:08:33,52.75,52.76
2017-04-13 10:08:34,52.75,52.76
2017-04-13 10:08:35,52.75,52.76
2017-04-13 10:08:36,52.75,52.76
2017-04-13 10:08:37,52.75,52.76
2017-04-13 10:08:38,52.75,52.76
2017-04-13 10:08:39,52.75,52.76
2017-04-13 10:08:40,52.75,52.76
2017-04-13 10:08:41,52.75,52.76
2017-04-13 10:08:42,52.75,52.76
2017-04-13 10:08:43,52.75,52.76
2017-04-13 10:08:44,52.75,52.76
2017-04-13 10:08:45,52.75,52.76
2017-04-13 10:08:46,52.75,52.76
2017-04-13 10:08:47,52.75,52.76
2017-04-13 10:08:48,52.75,52.76
2017-04-13 10:08:49,52.75,52.76
2017-04-13 10:08:50,52.75,52.76
2017-04-13 10:08:51,52.75,52.76
2017-04-13 10:08:52,52.75,52.76
2017-04-13 10:08:53,52.75,52.76
2017-04-13 10:08:54,52.75,52.76
2017-04-13 10:08:55,52.75,52.76
2017-04-13 10:08:56,52.75,52.76
2017-04-13 10:08:57,52.75,52.76
2017-04-13 10:08:58,52.75,52.76
2017-04-13 10:08:59,52.75,52.76
2017-04-13 10:09:00,52.75,52.76
2017-04-13 10:09:01,52.75,52.76
2017-04-13 10:09:02,52.75,52.76
2017-04-13 10:09:03,52.75,52.76
2017-04-13 10:09:04,52.75,52.76
2017-04-13 10:09:05,52.75,52.76
2017-04-13 10:09:06,52.75,52.76
2017-04-13 10:09:07,52.75,52.76
2017-04-13 10:09:08,52.75,52.76
2017-04-13 10:09:09,52.75,52.76
2017-04-13 10:09:10,52.75,52.76
2017-04-13 10:09:11,52.75,52.76
2017-04-13 10:09:12,52.76,52.77
2017-04-13 10:09:13,52.76,52.77
2017-04-13 10:09:14,52.76,52.77
2017-04-13 10:09:15,52.76,52.77
2017-04-13 10:09:16,52.75,52.76
2017-04-13 10:09:17,52.75,52.76
2017-04-13 10:09:18,52.75,52.76
2017-04-13 10:09:19,52.75,52.76
2017-04-13 10:09:20,52.75,52.76
2017-04-13 10:09:21,52.75,52.76
2017-04-13 10:09:22,52.75,52.76
2017-04-13 10:09:23,52.75,52.76
2017-04-13 10:09:24,52.75,52.76
2017-04-13 10:09:25,52.75,52.77
2017-04-13 10:09:26,52.76,52.77
2017-04-13 10:09:27,52.76,52.77
2017-04-13 10:09:28,52.76,52.77
2017-04-13 10:09:29,52.76,52.77
2017-04-13 10:09:30,52.76,52.77
2017-04-13 10:09:31,52.76,52.77
2017-04-13 10:09:32,52.76,52.77
2017-04-13 10:09:33,52.76,52.77
2017-04-13 10:09:34,52.76,52.77
2017-04-13 10:09:35,52.76,52.77
2017-04-13 10:09:36,52.76,52.77
2017-04-13 10:09:37,52.76,52.77
2017-04-13 10:09:38,52.76,52.77
2017-04-13 10:09:39,52.76,52.77
2017-04-13 10:09:40,52.76,52.77
2017-04-13 10:09:41,52.76,52.77
2017-04-13 10:09:42,52.76,52.77
2017-04-13 10:09:43,52.76,52.77
2017-04-13 10:09:44,52.75,52.76
2017-04-13 10:09:45,52.75,52.76
2017-04-13 10:09:46,52.75,52.76
2017-04-13 10:09:47,52.75,52.76
2017-04-13 10:09:48,52.75,52.76
2017-04-13 10:09:49,52.75,52.76
2017-04-13 10:09:50,52.75,52.76
2017-04-13 10:09:51,52.75,52.76
2017-04-13 10:09:52,52.75,52.76
2017-04-13 10:09:53,52.75,52.76
2017-04-13 10:09:54,52.76,52.77
2017-04-13 10:09:55,52.75,52.76
2017-04-13 10:09:56,52.75,52.76
2017-04-13 10:09:57,52.75,52.76
2017-04-13 10:09:58,52.76,52.77
2017-04-13 10:09:59,52.76,52.77
2017-04-13 10:10:00,52.76,52.77
2017-04-13 10:10:01,52.76,52.77
2017-04-13 10:10:02,52.75,52.76
2017-04-13 10:10:03,52.75,52.76
2017-04-13 10:10:04,52.75,52.76
2017-04-13 10:10:05,52.75,52.76
2017-04-13 10:10:06,52.75,52.76
2017-04-13 10:10:07,52.75,52.76
2017-04-13 10:10:08,52.75,52.76
2017-04-13 10:10:09,52.75,52.76
2017-04-13 10:10:10,52.75,52.76
2017-04-13 10:10:11,52.75,52.76
2017-04-13 10:10:12,52.75,52.76
2017-04-13 10:10:13,52.75,52.76
2017-04-13 10:10:14,52.75,52.76
2017-04-13 10:10:15,52.75,52.76
2017-04-13 10:10:16,52.75,52.76
2017-04-13 10:10:17,52.75,52.76
2017-04-13 10:10:18,52.75,52.76
2017-04-13 10:10:19,52.75,52.76
2017-04-13 10:10:20,52.75,52.76
2017-04-13 10:10:21,52.75,52.76
2017-04-13 10:10:22,52.75,52.76
2017-04-13 10:10:23,52.75,52.76
2017-04-13 10:10:24,52.75,52.76
2017-04-13 10:10:25,52.75,52.76
2017-04-13 10:10:26,52.75,52.76
2017-04-13 10:10:27,52.75,52.76
2017-04-13 10:10:28,52.75,52.76
2017-04-13 10:10:29,52.75,52.76
2017-04-13 10:10:30,52.75,52.76
2017-04-13 10:10:31,52.75,52.76
2017-04-13 10:10:32,52.75,52.76
2017-04-13 10:10:33,52.75,52.77
2017-04-13 10:10:34,52.76,52.77
2017-04-13 10:10:35,52.76,52.77
2017-04-13 10:10:36,52.76,52.77
2017-04-13 10:10:37,52.76,52.77
2017-04-13 10:10:38,52.76,52.77
2017-04-13 10:10:39,52.76,52.77
2017-04-13 10:10:40,52.76,52.77
2017-04-13 10:10:41,52.76,52.77
2017-04-13 10:10:42,52.76,52.77
2017-04-13 10:10:43,52.76,52.77
2017-04-13 10:10:44,52.76,52.77
2017-04-13 10:10:45,52.76,52.77
2017-04-13 10:10:46,52.76,52.77
2017-04-13 10:10:47,52.76,52.77
2017-04-13 10:10:48,52.76,52.77
2017-04-13 10:10:49,52.76,52.77
2017-04-13 10:10:50,52.76,52.77
2017-04-13 10:10:51,52.76,52.77
2017-04-13 10:10:52,52.76,52.77
2017-04-13 10:10:53,52.76,52.77
2017-04-13 10:10:54,52.76,52.77
2017-04-13 10:10:55,52.76,52.77
2017-04-13 10:10:56,52.76,52.77
2017-04-13 10:10:57,52.75,52.76
2017-04-13 10:10:58,52.75,52.76
2017-04-13 10:10:59,52.75,52.76
2017-04-13 10:11:00,52.75,52.76
2017-04-13 10:11:01,52.75,52.76
2017-04-13 10:11:02,52.75,52.76
2017-04-13 10:11:03,52.75,52.76
2017-04-13 10:11:04,52.75,52.76
2017-04-13 10:11:05,52.75,52.76
2017-04-13 10:11:06,52.75,52.76
2017-04-13 10:11:07,52.75,52.76
2017-04-13 10:11:08,52.75,52.76
2017-04-13 10:11:09,52.75,52.76
2017-04-13 10:11:10,52.75,52.76
2017-04-13 10:11:11,52.75,52.76
2017-04-13 10:11:12,52.75,52.76
2017-04-13 10:11:13,52.75,52.76
2017-04-13 10:11:14,52.75,52.76
2017-04-13 10:11:15,52.75,52.76
2017-04-13 10:11:16,52.75,52.76
2017-04-13 10:11:17,52.76,52.77
2017-04-13 10:11:18,52.76,52.77
2017-04-13 10:11:19,52.77,52.78
2017-04-13 10:11:20,52.77,52.78
2017-04-13 10:11:21,52.77,52.78
2017-04-13 10:11:22,52.77,52.78
2017-04-13 10:11:23,52.77,52.78
2017-04-13 10:11:24,52.77,52.78
2017-04-13 10:11:25,52.77,52.78
2017-04-13 10:11:26,52.77,52.78
2017-04-13 10:11:27,52.77,52.78
2017-04-13 10:11:28,52.77,52.78
2017-04-13 10:11:29,52.77,52.78
2017-04-13 10:11:30,52.77,52.78
2017-04-13 10:11:31,52.77,52.78
2017-04-13 10:11:32,52.77,52.78
2017-04-13 10:11:33,52.77,52.78
2017-04-13 10:11:34,52.77,52.78
2017-04-13 10:11:35,52.77,52.78
2017-04-13 10:11:36,52.77,52.78
2017-04-13 10:11:37,52.77,52.78
2017-04-13 10:11:38,52.77,52.78
2017-04-13 10:11:39,52.77,52.78
2017-04-13 10:11:40,52.77,52.78
2017-04-13 10:11:41,52.77,52.78
2017-04-13 10:11:42,52.77,52.78
2017-04-13 10:11:43,52.77,52.78
2017-04-13 10:11:44,52.77,52.78
2017-04-13 10:11:45,52.77,52.78
2017-04-13 10:11:46,52.77,52.78
2017-04-13 10:11:47,52.77,52.78
2017-04-13 10:11:48,52.77,52.78
2017-04-13 10:11:49,52.77,52.78
2017-04-13 10:11:50,52.77,52.78
2017-04-13 10:11:51,52.77,52.78
2017-04-13 10:11:52,52.77,52.78
2017-04-13 10:11:53,52.77,52.78
2017-04-13 10:11:54,52.77,52.78
2017-04-13 10:11:55,52.77,52.78
2017-04-13 10:11:56,52.77,52.78
2017-04-13 10:11:57,52.77,52.78
2017-04-13 10:11:58,52.77,52.78
2017-04-13 10:11:59,52.77,52.78
2017-04-13 10:12:00,52.77,52.78
2017-04-13 10:12:01,52.77,52.78
2017-04-13 10:12:02,52.77,52.78
2017-04-13 10:12:03,52.77,52.78
2017-04-13 10:12:04,52.77,52.78
2017-04-13 10:12:05,52.77,52.78
2017-04-13 10:12:06,52.77,52.78
2017-04-13 10:12:07,52.77,52.78
2017-04-13 10:12:08,52.77,52.78
2017-04-13 10:12:09,52.77,52.78
2017-04-13 10:12:10,52.77,52.78
2017-04-13 10:12:11,52.77,52.78
2017-04-13 10:12:12,52.77,52.78
2017-04-13 10:12:13,52.76,52.77
2017-04-13 10:12:14,52.76,52.77
2017-04-13 10:12:15,52.76,52.77
2017-04-13 10:12:16,52.76,52.77
2017-04-13 10:12:17,52.76,52.77
2017-04-13 10:12:18,52.76,52.77
2017-04-13 10:12:19,52.76,52.77
2017-04-13 10:12:20,52.76,52.77
2017-04-13 10:12:21,52.76,52.77
2017-04-13 10:12:22,52.76,52.77
2017-04-13 10:12:23,52.77,52.78
2017-04-13 10:12:24,52.77,52.78
2017-04-13 10:12:25,52.77,52.78
2017-04-13 10:12:26,52.77,52.78
2017-04-13 10:12:27,52.77,52.78
2017-04-13 10:12:28,52.77,52.78
2017-04-13 10:12:29,52.77,52.78
2017-04-13 10:12:30,52.77,52.78
2017-04-13 10:12:31,52.77,52.78
2017-04-13 10:12:32,52.77,52.78
2017-04-13 10:12:33,52.77,52.78
2017-04-13 10:12:34,52.77,52.78
2017-04-13 10:12:35,52.77,52.78
2017-04-13 10:12:36,52.77,52.78
2017-04-13 10:12:37,52.77,52.78
2017-04-13 10:12:38,52.77,52.78
2017-04-13 10:12:39,52.77,52.78
2017-04-13 10:12:40,52.77,52.78
2017-04-13 10:12:41,52.78,52.79
2017-04-13 10:12:42,52.78,52.79
2017-04-13 10:12:43,52.78,52.79
2017-04-13 10:12:44,52.78,52.79
2017-04-13 10:12:45,52.78,52.79
2017-04-13 10:12:46,52.78,52.79
2017-04-13 10:12:47,52.78,52.79
2017-04-13 10:12:48,52.78,52.79
2017-04-13 10:12:49,52.78,52.79
2017-04-13 10:12:50,52.78,52.79
2017-04-13 10:12:51,52.78,52.79
2017-04-13 10:12:52,52.78,52.79
2017-04-13 10:12:53,52.78,52.79
2017-04-13 10:12:54,52.78,52.79
2017-04-13 10:12:55,52.78,52.79
2017-04-13 10:12:56,52.78,52.79
2017-04-13 10:12:57,52.78,52.79
2017-04-13 10:12:58,52.78,52.79
2017-04-13 10:12:59,52.78,52.79
2017-04-13 10:13:00,52.78,52.79
2017-04-13 10:13:01,52.78,52.79
2017-04-13 10:13:02,52.78,52.79
2017-04-13 10:13:03,52.78,52.79
2017-04-13 10:13:04,52.78,52.79
2017-04-13 10:13:05,52.77,52.78
2017-04-13 10:13:06,52.77,52.78
2017-04-13 10:13:07,52.77,52.78
2017-04-13 10:13:08,52.77,52.78
2017-04-13 10:13:09,52.77,52.78
2017-04-13 10:13:10,52.77,52.78
2017-04-13 10:13:11,52.77,52.78
2017-04-13 10:13:12,52.77,52.78
2017-04-13 10:13:13,52.77,52.78
2017-04-13 10:13:14,52.77,52.78
2017-04-13 10:13:15,52.77,52.78
2017-04-13 10:13:16,52.77,52.78
2017-04-13 10:13:17,52.77,52.78
2017-04-13 10:13:18,52.77,52.78
2017-04-13 10:13:19,52.77,52.78
2017-04-13 10:13:20,52.77,52.78
2017-04-13 10:13:21,52.77,52.78
2017-04-13 10:13:22,52.77,52.78
2017-04-13 10:13:23,52.77,52.78
2017-04-13 10:13:24,52.77,52.78
2017-04-13 10:13:25,52.77,52.78
2017-04-13 10:13:26,52.77,52.78
2017-04-13 10:13:27,52.77,52.78
2017-04-13 10:13:28,52.77,52.78
2017-04-13 10:13:29,52.77,52.78
2017-04-13 10:13:30,52.78,52.79
2017-04-13 10:13:31,52.78,52.79
2017-04-13 10:13:32,52.78,52.79
2017-04-13 10:13:33,52.78,52.79
2017-04-13 10:13:34,52.78,52.79
2017-04-13 10:13:35,52.78,52.79
2017-04-13 10:13:36,52.78,52.79
2017-04-13 10:13:37,52.78,52.79
2017-04-13 10:13:38,52.78,52.79
2017-04-13 10:13:39,52.78,52.79
2017-04-13 10:13:40,52.78,52.79
2017-04-13 10:13:41,52.78,52.79
2017-04-13 10:13:42,52.78,52.79
2017-04-13 10:13:43,52.78,52.79
2017-04-13 10:13:44,52.78,52.79
2017-04-13 10:13:45,52.78,52.79
2017-04-13 10:13:46,52.78,52.79
2017-04-13 10:13:47,52.78,52.79
2017-04-13 10:13:48,52.78,52.79
2017-04-13 10:13:49,52.78,52.79
2017-04-13 10:13:50,52.78,52.79
2017-04-13 10:13:51,52.78,52.79
2017-04-13 10:13:52,52.78,52.79
2017-04-13 10:13:53,52.78,52.79
2017-04-13 10:13:54,52.78,52.79
2017-04-13 10:13:55,52.77,52.78
2017-04-13 10:13:56,52.77,52.78
2017-04-13 10:13:57,52.77,52.78
2017-04-13 10:13:58,52.77,52.78
2017-04-13 10:13:59,52.77,52.78
2017-04-13 10:14:00,52.77,52.78
2017-04-13 10:14:01,52.77,52.78
2017-04-13 10:14:02,52.76,52.77
2017-04-13 10:14:03,52.76,52.77
2017-04-13 10:14:04,52.76,52.77
2017-04-13 10:14:05,52.76,52.77
2017-04-13 10:14:06,52.76,52.77
2017-04-13 10:14:07,52.76,52.77
2017-04-13 10:14:08,52.76,52.78
2017-04-13 10:14:09,52.76,52.77
2017-04-13 10:14:10,52.76,52.77
2017-04-13 10:14:11,52.76,52.77
2017-04-13 10:14:12,52.76,52.77
2017-04-13 10:14:13,52.76,52.77
2017-04-13 10:14:14,52.76,52.77
2017-04-13 10:14:15,52.76,52.77
2017-04-13 10:14:16,52.76,52.77
2017-04-13 10:14:17,52.76,52.77
2017-04-13 10:14:18,52.76,52.77
2017-04-13 10:14:19,52.76,52.77
2017-04-13 10:14:20,52.76,52.77
2017-04-13 10:14:21,52.76,52.77
2017-04-13 10:14:22,52.76,52.77
2017-04-13 10:14:23,52.76,52.77
2017-04-13 10:14:24,52.76,52.77
2017-04-13 10:14:25,52.76,52.77
2017-04-13 10:14:26,52.76,52.77
2017-04-13 10:14:27,52.76,52.77
2017-04-13 10:14:28,52.76,52.77
2017-04-13 10:14:29,52.76,52.77
2017-04-13 10:14:30,52.76,52.77
2017-04-13 10:14:31,52.76,52.77
2017-04-13 10:14:32,52.76,52.77
2017-04-13 10:14:33,52.76,52.77
2017-04-13 10:14:34,52.76,52.77
2017-04-13 10:14:35,52.76,52.77
2017-04-13 10:14:36,52.76,52.77
2017-04-13 10:14:37,52.76,52.77
2017-04-13 10:14:38,52.76,52.77
2017-04-13 10:14:39,52.76,52.77
2017-04-13 10:14:40,52.76,52.77
2017-04-13 10:14:41,52.76,52.77
2017-04-13 10:14:42,52.76,52.77
2017-04-13 10:14:43,52.76,52.77
2017-04-13 10:14:44,52.77,52.78
2017-04-13 10:14:45,52.77,52.78
2017-04-13 10:14:46,52.77,52.78
2017-04-13 10:14:47,52.77,52.78
2017-04-13 10:14:48,52.77,52.78
2017-04-13 10:14:49,52.77,52.78
2017-04-13 10:14:50,52.77,52.78
2017-04-13 10:14:51,52.77,52.78
2017-04-13 10:14:52,52.77,52.78
2017-04-13 10:14:53,52.77,52.78
2017-04-13 10:14:54,52.77,52.78
2017-04-13 10:14:55,52.77,52.78
2017-04-13 10:14:56,52.77,52.78
2017-04-13 10:14:57,52.77,52.78
2017-04-13 10:14:58,52.76,52.77
2017-04-13 10:14:59,52.76,52.77
2017-04-13 10:15:00,52.76,52.77
2017-04-13 10:15:01,52.76,52.77
2017-04-13 10:15:02,52.76,52.77
2017-04-13 10:15:03,52.76,52.77
2017-04-13 10:15:04,52.76,52.77
2017-04-13 10:15:05,52.76,52.77
2017-04-13 10:15:06,52.76,52.77
2017-04-13 10:15:07,52.76,52.77
2017-04-13 10:15:08,52.76,52.77
2017-04-13 10:15:09,52.76,52.78
2017-04-13 10:15:10,52.76,52.78
2017-04-13 10:15:11,52.76,52.78
2017-04-13 10:15:12,52.76,52.78
2017-04-13 10:15:13,52.76,52.78
2017-04-13 10:15:14,52.76,52.78
2017-04-13 10:15:15,52.76,52.77
2017-04-13 10:15:16,52.76,52.77
2017-04-13 10:15:17,52.76,52.77
2017-04-13 10:15:18,52.76,52.77
2017-04-13 10:15:19,52.76,52.77
2017-04-13 10:15:20,52.76,52.77
2017-04-13 10:15:21,52.76,52.77
2017-04-13 10:15:22,52.76,52.77
2017-04-13 10:15:23,52.76,52.77
2017-04-13 10:15:24,52.76,52.77
2017-04-13 10:15:25,52.75,52.76
2017-04-13 10:15:26,52.75,52.76
2017-04-13 10:15:27,52.75,52.76
2017-04-13 10:15:28,52.75,52.76
2017-04-13 10:15:29,52.75,52.76
2017-04-13 10:15:30,52.75,52.76
2017-04-13 10:15:31,52.75,52.76
2017-04-13 10:15:32,52.75,52.76
2017-04-13 10:15:33,52.75,52.76
2017-04-13 10:15:34,52.75,52.76
2017-04-13 10:15:35,52.75,52.76
2017-04-13 10:15:36,52.75,52.76
2017-04-13 10:15:37,52.75,52.76
2017-04-13 10:15:38,52.75,52.76
2017-04-13 10:15:39,52.75,52.76
2017-04-13 10:15:40,52.75,52.76
2017-04-13 10:15:41,52.75,52.76
2017-04-13 10:15:42,52.75,52.76
2017-04-13 10:15:43,52.75,52.76
2017-04-13 10:15:44,52.75,52.76
2017-04-13 10:15:45,52.75,52.76
2017-04-13 10:15:46,52.75,52.76
2017-04-13 10:15:47,52.75,52.76
2017-04-13 10:15:48,52.75,52.76
2017-04-13 10:15:49,52.75,52.76
2017-04-13 10:15:50,52.75,52.76
2017-04-13 10:15:51,52.75,52.76
2017-04-13 10:15:52,52.75,52.76
2017-04-13 10:15:53,52.75,52.76
2017-04-13 10:15:54,52.75,52.76
2017-04-13 10:15:55,52.75,52.76
2017-04-13 10:15:56,52.75,52.76
2017-04-13 10:15:57,52.75,52.76
2017-04-13 10:15:58,52.75,52.76
2017-04-13 10:15:59,52.75,52.76
2017-04-13 10:16:00,52.75,52.76
2017-04-13 10:16:01,52.75,52.76
2017-04-13 10:16:02,52.75,52.76
2017-04-13 10:16:03,52.75,52.76
2017-04-13 10:16:04,52.75,52.76
2017-04-13 10:16:05,52.75,52.76
2017-04-13 10:16:06,52.75,52.76
2017-04-13 10:16:07,52.75,52.77
2017-04-13 10:16:08,52.75,52.77
2017-04-13 10:16:09,52.76,52.77
2017-04-13 10:16:10,52.76,52.77
2017-04-13 10:16:11,52.76,52.77
2017-04-13 10:16:12,52.76,52.77
2017-04-13 10:16:13,52.77,52.78
2017-04-13 10:16:14,52.77,52.78
2017-04-13 10:16:15,52.77,52.78
2017-04-13 10:16:16,52.77,52.78
2017-04-13 10:16:17,52.77,52.78
2017-04-13 10:16:18,52.77,52.78
2017-04-13 10:16:19,52.77,52.78
2017-04-13 10:16:20,52.77,52.78
2017-04-13 10:16:21,52.77,52.78
2017-04-13 10:16:22,52.77,52.78
2017-04-13 10:16:23,52.77,52.78
2017-04-13 10:16:24,52.77,52.78
2017-04-13 10:16:25,52.77,52.78
2017-04-13 10:16:26,52.77,52.78
2017-04-13 10:16:27,52.77,52.78
2017-04-13 10:16:28,52.77,52.78
2017-04-13 10:16:29,52.77,52.78
2017-04-13 10:16:30,52.77,52.78
2017-04-13 10:16:31,52.77,52.78
2017-04-13 10:16:32,52.77,52.78
2017-04-13 10:16:33,52.76,52.77
2017-04-13 10:16:34,52.76,52.77
2017-04-13 10:16:35,52.76,52.77
2017-04-13 10:16:36,52.76,52.77
2017-04-13 10:16:37,52.76,52.77
2017-04-13 10:16:38,52.76,52.77
2017-04-13 10:16:39,52.76,52.77
2017-04-13 10:16:40,52.76,52.77
2017-04-13 10:16:41,52.76,52.77
2017-04-13 10:16:42,52.76,52.77
2017-04-13 10:16:43,52.76,52.77
2017-04-13 10:16:44,52.76,52.77
2017-04-13 10:16:45,52.76,52.77
2017-04-13 10:16:46,52.76,52.77
2017-04-13 10:16:47,52.76,52.77
2017-04-13 10:16:48,52.76,52.77
2017-04-13 10:16:49,52.76,52.77
2017-04-13 10:16:50,52.76,52.77
2017-04-13 10:16:51,52.76,52.77
2017-04-13 10:16:52,52.76,52.77
2017-04-13 10:16:53,52.76,52.77
2017-04-13 10:16:54,52.77,52.78
2017-04-13 10:16:55,52.77,52.78
2017-04-13 10:16:56,52.77,52.78
2017-04-13 10:16:57,52.77,52.78
2017-04-13 10:16:58,52.77,52.78
2017-04-13 10:16:59,52.77,52.78
2017-04-13 10:17:00,52.77,52.78
2017-04-13 10:17:01,52.77,52.78
2017-04-13 10:17:02,52.77,52.78
2017-04-13 10:17:03,52.77,52.78
2017-04-13 10:17:04,52.77,52.78
2017-04-13 10:17:05,52.77,52.78
2017-04-13 10:17:06,52.77,52.78
2017-04-13 10:17:07,52.77,52.78
2017-04-13 10:17:08,52.77,52.78
2017-04-13 10:17:09,52.77,52.78
2017-04-13 10:17:10,52.77,52.78
2017-04-13 10:17:11,52.77,52.78
2017-04-13 10:17:12,52.77,52.78
2017-04-13 10:17:13,52.77,52.78
2017-04-13 10:17:14,52.77,52.78
2017-04-13 10:17:15,52.77,52.78
2017-04-13 10:17:16,52.77,52.78
2017-04-13 10:17:17,52.77,52.78
2017-04-13 10:17:18,52.77,52.78
2017-04-13 10:17:19,52.77,52.78
2017-04-13 10:17:20,52.78,52.79
2017-04-13 10:17:21,52.78,52.79
2017-04-13 10:17:22,52.78,52.79
2017-04-13 10:17:23,52.78,52.79
2017-04-13 10:17:24,52.79,52.8
2017-04-13 10:17:25,52.79,52.8
2017-04-13 10:17:26,52.79,52.8
2017-04-13 10:17:27,52.79,52.8
2017-04-13 10:17:28,52.79,52.8
2017-04-13 10:17:29,52.79,52.8
2017-04-13 10:17:30,52.79,52.8
2017-04-13 10:17:31,52.79,52.8
2017-04-13 10:17:32,52.79,52.8
2017-04-13 10:17:33,52.79,52.8
2017-04-13 10:17:34,52.79,52.8
2017-04-13 10:17:35,52.79,52.8
2017-04-13 10:17:36,52.79,52.8
2017-04-13 10:17:37,52.79,52.8
2017-04-13 10:17:38,52.79,52.8
2017-04-13 10:17:39,52.79,52.8
2017-04-13 10:17:40,52.79,52.8
2017-04-13 10:17:41,52.79,52.8
2017-04-13 10:17:42,52.79,52.8
2017-04-13 10:17:43,52.79,52.8
2017-04-13 10:17:44,52.79,52.8
2017-04-13 10:17:45,52.79,52.8
2017-04-13 10:17:46,52.8,52.81
2017-04-13 10:17:47,52.8,52.81
2017-04-13 10:17:48,52.8,52.81
2017-04-13 10:17:49,52.8,52.81
2017-04-13 10:17:50,52.8,52.81
2017-04-13 10:17:51,52.8,52.81
2017-04-13 10:17:52,52.8,52.81
2017-04-13 10:17:53,52.8,52.81
2017-04-13 10:17:54,52.8,52.81
2017-04-13 10:17:55,52.79,52.8
2017-04-13 10:17:56,52.79,52.8
2017-04-13 10:17:57,52.79,52.8
2017-04-13 10:17:58,52.79,52.8
2017-04-13 10:17:59,52.79,52.8
2017-04-13 10:18:00,52.79,52.8
2017-04-13 10:18:01,52.79,52.8
2017-04-13 10:18:02,52.79,52.8
2017-04-13 10:18:03,52.79,52.8
2017-04-13 10:18:04,52.79,52.8
2017-04-13 10:18:05,52.79,52.8
2017-04-13 10:18:06,52.79,52.8
2017-04-13 10:18:07,52.79,52.8
2017-04-13 10:18:08,52.78,52.79
2017-04-13 10:18:09,52.78,52.79
2017-04-13 10:18:10,52.78,52.79
2017-04-13 10:18:11,52.78,52.79
2017-04-13 10:18:12,52.78,52.79
2017-04-13 10:18:13,52.78,52.79
2017-04-13 10:18:14,52.78,52.79
2017-04-13 10:18:15,52.78,52.79
2017-04-13 10:18:16,52.79,52.8
2017-04-13 10:18:17,52.79,52.8
2017-04-13 10:18:18,52.79,52.8
2017-04-13 10:18:19,52.78,52.79
2017-04-13 10:18:20,52.78,52.79
2017-04-13 10:18:21,52.78,52.79
2017-04-13 10:18:22,52.78,52.79
2017-04-13 10:18:23,52.78,52.79
2017-04-13 10:18:24,52.78,52.79
2017-04-13 10:18:25,52.78,52.79
2017-04-13 10:18:26,52.78,52.79
2017-04-13 10:18:27,52.78,52.79
2017-04-13 10:18:28,52.78,52.79
2017-04-13 10:18:29,52.78,52.79
2017-04-13 10:18:30,52.78,52.79
2017-04-13 10:18:31,52.78,52.79
2017-04-13 10:18:32,52.78,52.79
2017-04-13 10:18:33,52.78,52.79
2017-04-13 10:18:34,52.78,52.79
2017-04-13 10:18:35,52.78,52.79
2017-04-13 10:18:36,52.78,52.79
2017-04-13 10:18:37,52.78,52.79
2017-04-13 10:18:38,52.78,52.79
2017-04-13 10:18:39,52.78,52.79
2017-04-13 10:18:40,52.78,52.79
2017-04-13 10:18:41,52.78,52.79
2017-04-13 10:18:42,52.78,52.79
2017-04-13 10:18:43,52.78,52.79
2017-04-13 10:18:44,52.78,52.79
2017-04-13 10:18:45,52.78,52.79
2017-04-13 10:18:46,52.78,52.79
2017-04-13 10:18:47,52.78,52.79
2017-04-13 10:18:48,52.78,52.79
2017-04-13 10:18:49,52.78,52.79
2017-04-13 10:18:50,52.79,52.8
2017-04-13 10:18:51,52.79,52.8
2017-04-13 10:18:52,52.79,52.8
2017-04-13 10:18:53,52.79,52.8
2017-04-13 10:18:54,52.79,52.8
2017-04-13 10:18:55,52.79,52.8
2017-04-13 10:18:56,52.79,52.8
2017-04-13 10:18:57,52.79,52.8
2017-04-13 10:18:58,52.79,52.8
2017-04-13 10:18:59,52.79,52.8
2017-04-13 10:19:00,52.79,52.8
2017-04-13 10:19:01,52.79,52.8
2017-04-13 10:19:02,52.79,52.8
2017-04-13 10:19:03,52.79,52.8
2017-04-13 10:19:04,52.79,52.8
2017-04-13 10:19:05,52.79,52.8
2017-04-13 10:19:06,52.79,52.8
2017-04-13 10:19:07,52.79,52.8
2017-04-13 10:19:08,52.79,52.8
2017-04-13 10:19:09,52.79,52.8
2017-04-13 10:19:10,52.79,52.8
2017-04-13 10:19:11,52.79,52.8
2017-04-13 10:19:12,52.8,52.81
2017-04-13 10:19:13,52.8,52.81
2017-04-13 10:19:14,52.8,52.81
2017-04-13 10:19:15,52.8,52.81
2017-04-13 10:19:16,52.8,52.81
2017-04-13 10:19:17,52.8,52.81
2017-04-13 10:19:18,52.8,52.81
2017-04-13 10:19:19,52.8,52.81
2017-04-13 10:19:20,52.8,52.81
2017-04-13 10:19:21,52.8,52.81
2017-04-13 10:19:22,52.8,52.81
2017-04-13 10:19:23,52.8,52.81
2017-04-13 10:19:24,52.8,52.81
2017-04-13 10:19:25,52.79,52.8
2017-04-13 10:19:26,52.79,52.8
2017-04-13 10:19:27,52.79,52.8
2017-04-13 10:19:28,52.8,52.81
2017-04-13 10:19:29,52.79,52.8
2017-04-13 10:19:30,52.79,52.8
2017-04-13 10:19:31,52.79,52.8
2017-04-13 10:19:32,52.79,52.8
2017-04-13 10:19:33,52.78,52.79
2017-04-13 10:19:34,52.78,52.79
2017-04-13 10:19:35,52.78,52.79
2017-04-13 10:19:36,52.78,52.79
2017-04-13 10:19:37,52.78,52.79
2017-04-13 10:19:38,52.78,52.79
2017-04-13 10:19:39,52.78,52.79
2017-04-13 10:19:40,52.78,52.79
2017-04-13 10:19:41,52.78,52.79
2017-04-13 10:19:42,52.78,52.79
2017-04-13 10:19:43,52.78,52.79
2017-04-13 10:19:44,52.77,52.78
2017-04-13 10:19:45,52.77,52.78
2017-04-13 10:19:46,52.77,52.78
2017-04-13 10:19:47,52.77,52.78
2017-04-13 10:19:48,52.77,52.78
2017-04-13 10:19:49,52.77,52.78
2017-04-13 10:19:50,52.77,52.78
2017-04-13 10:19:51,52.77,52.78
2017-04-13 10:19:52,52.78,52.79
2017-04-13 10:19:53,52.78,52.79
2017-04-13 10:19:54,52.78,52.79
2017-04-13 10:19:55,52.79,52.8
2017-04-13 10:19:56,52.79,52.8
2017-04-13 10:19:57,52.79,52.8
2017-04-13 10:19:58,52.79,52.8
2017-04-13 10:19:59,52.78,52.79
2017-04-13 10:20:00,52.78,52.79
2017-04-13 10:20:01,52.79,52.8
2017-04-13 10:20:02,52.79,52.8
2017-04-13 10:20:03,52.79,52.8
2017-04-13 10:20:04,52.79,52.8
2017-04-13 10:20:05,52.78,52.79
2017-04-13 10:20:06,52.78,52.79
2017-04-13 10:20:07,52.78,52.79
2017-04-13 10:20:08,52.78,52.79
2017-04-13 10:20:09,52.78,52.8
2017-04-13 10:20:10,52.79,52.8
2017-04-13 10:20:11,52.79,52.8
2017-04-13 10:20:12,52.79,52.8
2017-04-13 10:20:13,52.79,52.8
2017-04-13 10:20:14,52.79,52.8
2017-04-13 10:20:15,52.79,52.8
2017-04-13 10:20:16,52.78,52.79
2017-04-13 10:20:17,52.78,52.79
2017-04-13 10:20:18,52.78,52.79
2017-04-13 10:20:19,52.78,52.79
2017-04-13 10:20:20,52.78,52.79
2017-04-13 10:20:21,52.78,52.79
2017-04-13 10:20:22,52.77,52.78
2017-04-13 10:20:23,52.77,52.78
2017-04-13 10:20:24,52.77,52.78
2017-04-13 10:20:25,52.77,52.78
2017-04-13 10:20:26,52.77,52.78
2017-04-13 10:20:27,52.77,52.78
2017-04-13 10:20:28,52.77,52.78
2017-04-13 10:20:29,52.77,52.78
2017-04-13 10:20:30,52.77,52.78
2017-04-13 10:20:31,52.77,52.78
2017-04-13 10:20:32,52.77,52.78
2017-04-13 10:20:33,52.77,52.78
2017-04-13 10:20:34,52.77,52.78
2017-04-13 10:20:35,52.76,52.77
2017-04-13 10:20:36,52.76,52.77
2017-04-13 10:20:37,52.76,52.77
2017-04-13 10:20:38,52.76,52.77
2017-04-13 10:20:39,52.76,52.77
2017-04-13 10:20:40,52.76,52.77
2017-04-13 10:20:41,52.76,52.77
2017-04-13 10:20:42,52.76,52.77
2017-04-13 10:20:43,52.75,52.76
2017-04-13 10:20:44,52.75,52.76
2017-04-13 10:20:45,52.75,52.76
2017-04-13 10:20:46,52.75,52.76
2017-04-13 10:20:47,52.75,52.76
2017-04-13 10:20:48,52.75,52.76
2017-04-13 10:20:49,52.75,52.76
2017-04-13 10:20:50,52.75,52.76
2017-04-13 10:20:51,52.75,52.76
2017-04-13 10:20:52,52.75,52.76
2017-04-13 10:20:53,52.75,52.76
2017-04-13 10:20:54,52.75,52.76
2017-04-13 10:20:55,52.75,52.76
2017-04-13 10:20:56,52.75,52.76
2017-04-13 10:20:57,52.75,52.76
2017-04-13 10:20:58,52.75,52.76
2017-04-13 10:20:59,52.75,52.76
2017-04-13 10:21:00,52.75,52.76
2017-04-13 10:21:01,52.75,52.76
2017-04-13 10:21:02,52.76,52.77
2017-04-13 10:21:03,52.76,52.77
2017-04-13 10:21:04,52.76,52.77
2017-04-13 10:21:05,52.76,52.77
2017-04-13 10:21:06,52.76,52.77
2017-04-13 10:21:07,52.76,52.77
2017-04-13 10:21:08,52.76,52.77
2017-04-13 10:21:09,52.76,52.77
2017-04-13 10:21:10,52.76,52.77
2017-04-13 10:21:11,52.76,52.77
2017-04-13 10:21:12,52.76,52.77
2017-04-13 10:21:13,52.76,52.77
2017-04-13 10:21:14,52.76,52.77
2017-04-13 10:21:15,52.76,52.77
2017-04-13 10:21:16,52.76,52.77
2017-04-13 10:21:17,52.76,52.77
2017-04-13 10:21:18,52.76,52.77
2017-04-13 10:21:19,52.76,52.77
2017-04-13 10:21:20,52.76,52.77
2017-04-13 10:21:21,52.76,52.77
2017-04-13 10:21:22,52.76,52.77
2017-04-13 10:21:23,52.76,52.77
2017-04-13 10:21:24,52.76,52.77
2017-04-13 10:21:25,52.76,52.77
2017-04-13 10:21:26,52.76,52.77
2017-04-13 10:21:27,52.76,52.77
2017-04-13 10:21:28,52.76,52.77
2017-04-13 10:21:29,52.76,52.77
2017-04-13 10:21:30,52.76,52.77
2017-04-13 10:21:31,52.76,52.77
2017-04-13 10:21:32,52.76,52.77
2017-04-13 10:21:33,52.76,52.77
2017-04-13 10:21:34,52.76,52.77
2017-04-13 10:21:35,52.76,52.77
2017-04-13 10:21:36,52.76,52.77
2017-04-13 10:21:37,52.76,52.77
2017-04-13 10:21:38,52.76,52.77
2017-04-13 10:21:39,52.76,52.77
2017-04-13 10:21:40,52.76,52.77
2017-04-13 10:21:41,52.76,52.77
2017-04-13 10:21:42,52.76,52.77
2017-04-13 10:21:43,52.76,52.77
2017-04-13 10:21:44,52.76,52.77
2017-04-13 10:21:45,52.76,52.77
2017-04-13 10:21:46,52.76,52.77
2017-04-13 10:21:47,52.76,52.77
2017-04-13 10:21:48,52.76,52.77
2017-04-13 10:21:49,52.76,52.77
2017-04-13 10:21:50,52.76,52.77
2017-04-13 10:21:51,52.76,52.77
2017-04-13 10:21:52,52.77,52.78
2017-04-13 10:21:53,52.77,52.78
2017-04-13 10:21:54,52.77,52.78
2017-04-13 10:21:55,52.77,52.78
2017-04-13 10:21:56,52.77,52.78
2017-04-13 10:21:57,52.77,52.78
2017-04-13 10:21:58,52.77,52.78
2017-04-13 10:21:59,52.77,52.78
2017-04-13 10:22:00,52.77,52.78
2017-04-13 10:22:01,52.77,52.78
2017-04-13 10:22:02,52.77,52.78
2017-04-13 10:22:03,52.77,52.78
2017-04-13 10:22:04,52.77,52.78
2017-04-13 10:22:05,52.77,52.78
2017-04-13 10:22:06,52.77,52.78
2017-04-13 10:22:07,52.77,52.78
2017-04-13 10:22:08,52.77,52.78
2017-04-13 10:22:09,52.77,52.78
2017-04-13 10:22:10,52.77,52.78
2017-04-13 10:22:11,52.77,52.78
2017-04-13 10:22:12,52.77,52.78
2017-04-13 10:22:13,52.76,52.77
2017-04-13 10:22:14,52.76,52.77
2017-04-13 10:22:15,52.76,52.77
2017-04-13 10:22:16,52.76,52.77
2017-04-13 10:22:17,52.76,52.77
